@article{cappa2019stabilization,
  title={Stabilization of fault slip by fluid injection in the laboratory and in situ},
  author={Cappa, Fr{\'e}d{\'e}ric and Scuderi, Marco Maria and Collettini, Cristiano and Guglielmi, Yves and Avouac, Jean-Philippe},
  journal={Science Advances},
  volume={5},
  number={3},
  pages={eaau4065},
  year={2019},
  publisher={American Association for the Advancement of Science}
}

@mastersthesis{matson2019thesis,
  author={Gabriel Matson}, 
  title={Microseismicity during geothermal stimulation at the Ngatamariki geothermal field: New detections via a matched-filter method},
  school={Victoria University of Wellington},
  year={2019},
  month=Mar,
}

@article{haring2008characterisation,
  title={Characterisation of the Basel 1 enhanced geothermal system},
  author={H{\"a}ring, Markus O and Schanz, Ulrich and Ladner, Florentin and Dyer, Ben C},
  journal={Geothermics},
  volume={37},
  number={5},
  pages={469--495},
  year={2008},
  publisher={Elsevier}
}

@incollection{utsu1999representation,
  title={Representation and analysis of the earthquake size distribution: a historical review and some new approaches},
  author={Utsu, Tokuji},
  booktitle={Seismicity Patterns, their Statistical Significance and Physical Meaning},
  pages={509--535},
  year={1999},
  publisher={Springer}
}

@article{zhang2003double,
  title={Double-difference tomography: The method and its application to the Hayward fault, California},
  author={Zhang, Haijiang and Thurber, Clifford H},
  journal={Bulletin of the Seismological Society of America},
  volume={93},
  number={5},
  pages={1875--1889},
  year={2003},
  publisher={Seismological Society of America}
}

@article{mcgarr2014maximum,
  title={Maximum magnitude earthquakes induced by fluid injection},
  author={McGarr, Arthur},
  journal={Journal of Geophysical Research: solid earth},
  volume={119},
  number={2},
  pages={1008--1019},
  year={2014},
  publisher={Wiley Online Library}
}

@article{tarantola1982inverse,
  title={Inverse problems= quest for information},
  author={Tarantola, Albert and Valette, Bernard},
  journal={J. geophys},
  volume={50},
  number={3},
  pages={150--170},
  year={1982}
}

@article{jung2017tough3,
  title={TOUGH3: A new efficient version of the TOUGH suite of multiphase flow and transport simulators},
  author={Jung, Yoojin and Pau, George Shu Heng and Finsterle, Stefan and Pollyea, Ryan M},
  journal={Computers \& Geosciences},
  volume={108},
  pages={2--7},
  year={2017},
  publisher={Elsevier}
}

@article{zyvoloski2007fehm,
  title={FEHM: A control volume finite element code for simulating subsurface multi-phase multi-fluid heat and mass transfer},
  author={Zyvoloski, G},
  journal={Los Alamos Unclassified Report LA-UR-07-3359},
  year={2007}
}

@article{kaverina1996global,
  title={Global creepex distribution and its relation to earthquake-source geometry and tectonic origin},
  author={Kaverina, AN and Lander, AV and Prozorov, AG},
  journal={Geophysical Journal International},
  volume={125},
  number={1},
  pages={249--265},
  year={1996},
  publisher={Blackwell Publishing Ltd Oxford, UK}
}

@inproceedings{alvarez2014fmc,
  title={FMC: a one-liner Python program to manage, classify and plot focal mechanisms},
  author={{\'A}lvarez-G{\'o}mez, Jos{\'e} A},
  booktitle={EGU General Assembly Conference Abstracts},
  volume={16},
  year={2014}
}

@article{hartigan1975clustering,
  title={Clustering algorithms},
  author={Hartigan, John A},
  year={1975},
  publisher={Wiley}
}

@article{massiot2015processing,
  title={Processing and analysis of high temperature geothermal acoustic borehole image logs in the Taupo Volcanic Zone, New Zealand},
  author={Massiot, C{\'e}cile and McNamara, DD and Lewis, B},
  journal={Geothermics},
  volume={53},
  pages={190--201},
  year={2015},
  publisher={Elsevier}
}

@inproceedings{blake2011crustal,
  title={Crustal stress heterogeneity in the vicinity of Coso Geothermal Field, CA},
  author={Blake, Kelly and Davatzes, Nicholas C},
  booktitle={Proceedings, Thirty-Sixth Workshop on Geothermal Reservoir Engineering},
  pages={11},
  year={2011}
}

@article{hurst2008characteristics,
  title={Characteristics of three recent earthquake sequences in the Taupo Volcanic Zone, New Zealand},
  author={Hurst, Tony and Bannister, Stephen and Robinson, Russell and Scott, Bradley},
  journal={Tectonophysics},
  volume={452},
  number={1-4},
  pages={17--28},
  year={2008},
  publisher={Elsevier}
}

@article{hurst2002earthquake,
  title={Earthquake focal mechanisms in the central Taupo Volcanic Zone and their relation to faulting and deformation},
  author={Hurst, AW and Bibby, HM and Robinson, RR},
  journal={New Zealand journal of geology and geophysics},
  volume={45},
  number={4},
  pages={527--536},
  year={2002},
  publisher={Taylor \& Francis}
}

@article{vavryvcuk2014iterative,
  title={Iterative joint inversion for stress and fault orientations from focal mechanisms},
  author={Vavry{\v{c}}uk, V{\'a}clav},
  journal={Geophysical Journal International},
  volume={199},
  number={1},
  pages={69--77},
  year={2014},
  publisher={Oxford University Press}
}

@article{oppenheimer1986extensional,
  title = {Extensional Tectonics at {{The Geysers}} Geothermal Area, {{California}}},
  volume = {91},
  number = {B11},
  journal = {Journal of Geophysical Research: Solid Earth},
  author = {Oppenheimer, David H},
  year = {1986},
  pages = {11463-11476},
  publisher = {{Wiley Online Library}}
}

@article{feng1998microseismicity,
  title = {Microseismicity, Stress, and Fracture in the {{Coso}} Geothermal Field, {{California}}},
  volume = {289},
  number = {1-3},
  journal = {Tectonophysics},
  author = {Feng, Qiuchun and Lees, Jonathan M},
  year = {1998},
  pages = {221-238},
  publisher = {{Elsevier}}
}

@incollection{sasaki2002determination,
  title = {Determination of Stress State from Focal Mechanisms of Microseismic Events Induced during Hydraulic Injection at the {{Hijiori}} Hot Dry Rock Site},
  booktitle = {The {{Mechanism}} of {{Induced Seismicity}}},
  publisher = {{Springer}},
  author = {Sasaki, Shunji and Kaieda, Hideshi},
  year = {2002},
  pages = {489-516}
}

@article{bohnhoff2004fault,
  title = {Fault Mechanisms of Induced Seismicity at the Superdeep {{German Continental Deep Drilling Program}} ({{KTB}}) Borehole and Their Relation to Fault Structure and Stress Field},
  volume = {109},
  number = {B2},
  journal = {Journal of Geophysical Research: Solid Earth},
  author = {Bohnhoff, Marco and Baisch, Stefan and Harjes, Hans-Peter},
  year = {2004},
  publisher = {{Wiley Online Library}}
}

@article{okada1992internal,
  title = {Internal Deformation Due to Shear and Tensile Faults in a Half-Space},
  volume = {82},
  number = {2},
  journal = {Bulletin of the Seismological Society of America},
  author = {Okada, Yoshimitsu},
  year = {1992},
  pages = {1018-1040},
  publisher = {{The Seismological Society of America}}
}

@article{carder1945seismic,
  title = {Seismic Investigations in the {{Boulder Dam}} Area, 1940-1944, and the Influence of Reservoir Loading on Local Earthquake Activity},
  volume = {35},
  number = {4},
  journal = {Bulletin of the Seismological Society of America},
  author = {Carder, Dean S},
  year = {1945},
  pages = {175-192},
  publisher = {{The Seismological Society of America}}
}

@inproceedings{hernandez2015rotokawa,
  title = {Rotokawa: {{Reservoir Response}} of 172 {{MW Geothermal Operation}}},
  volume = {18},
  booktitle = {Proceedings 37th {{New Zealand Geothermal Workshop}}},
  author = {Hernandez, Dario and Addison, Simon and Sewell, Steven and Azwar, Lutfhie and Barnes, Mike},
  year = {2015},
  pages = {20}
}

@inproceedings{winick2011natural,
  title = {The Natural-State Geochemistry of the {{Rotokawa}} Reservoir},
  booktitle = {New {{Zealand Geothermal Workshop}} 2011 {{Proceedings}}},
  author = {Winick, J and Powell, T and Mroczek, E},
  year = {2011}
}

@inproceedings{addison2015rotokawa,
  title = {Rotokawa Reservoir Tracer Test History},
  booktitle = {Proc. {{NZ Geothermal Workshop}}},
  author = {Addison, SJ and Winick, JA and Mountain, BW and Siega, FL},
  year = {2015}
}

@inproceedings{buscarlet_2015,
  title = {Reservoir Tracer Test at the {{Ngatamariki Geothermal Field}}},
  volume = {18},
  booktitle = {Proceedings 37th {{New Zealand Geothermal Workshop}}},
  author = {Buscarlet, Etienne and Moon, Hyungsul and Wallis, Irene and Quinao, Jaime},
  year = {2015},
  pages = {20}
}

@article{Allis_1981,
  title = {Geothermal Resources: {{An}} Energy Alternative. {{Developments}} in Economic Geology 12},
  volume = {11},
  doi = {10.1016/0377-0273(81)90036-6},
  number = {2-4},
  journal = {Journal of Volcanology and Geothermal Research},
  author = {Allis, Richard G.},
  month = dec,
  year = {1981},
  pages = {385-386},
  publisher = {{Elsevier BV}}
}

@book{horne1995modern,
  title = {Modern {{Well Test Analysis}}},
  publisher = {{Petroway Inc.}},
  author = {Horne, Roland},
  year = {1995},
  booktitle = {Modern {{Well Test Analysis}}}
}

@book{stein_2000,
  title = {An {{Introduction}} to {{Seismology}}, {{Earthquakes}} and {{Earth Structure}}},
  publisher = {{Blackwell Publishing}},
  author = {Stein, Seth and Wysession, Michael},
  year = {2003},
  booktitle = {An {{Introduction}} to {{Seismology}}, {{Earthquakes}} and {{Earth Structure}}}
}

@inproceedings{Risk_2000,
  title = {Electrical Resistivity Surveys of the {{Rotokawa}} Geothermal Field, {{New Zealand}}},
  booktitle = {Proceedings of the 22nd {{New Zealand Geothermal Workshop}}},
  author = {Risk, GF},
  year = {2000},
  pages = {121-126},
  organization = {{University of Auckland Auckland}}
}

@techreport{1994,
  title = {Measurements of Heat and Mass Flow from Thermal Areas in {{Lassen Volcanic National Park California}}, 1984-93},
  institution = {{US Geological Survey}},
  year = {1994},
  doi = {10.3133/wri944180a}
}

@article{Gregg_1958,
  title = {Natural Heat Flow from the Thermal Areas of {{Taupo Sheet District}} ({{N}} 94)},
  volume = {1},
  doi = {10.1080/00288306.1958.10422795},
  number = {1},
  journal = {New Zealand Journal of Geology and Geophysics},
  author = {Gregg, D. R.},
  month = feb,
  year = {1958},
  pages = {65-75},
  publisher = {{Informa UK Limited}}
}

@article{GARRISON_1972,
  title = {Geothermal {{Steam}} in {{The Geysers}}\textendash{{Clear Lake Region California}}},
  volume = {83},
  doi = {10.1130/0016-7606(1972)83[1449:gsitgl]2.0.co;2},
  number = {5},
  journal = {Geological Society of America Bulletin},
  author = {Garrison, Lowell E.},
  year = {1972},
  pages = {1449},
  publisher = {{Geological Society of America}}
}

@article{Minissale_1991,
  title = {The {{Larderello}} Geothermal Field: A Review},
  volume = {31},
  doi = {10.1016/0012-8252(91)90018-b},
  number = {2},
  journal = {Earth-Science Reviews},
  author = {Minissale, Angelo},
  month = aug,
  year = {1991},
  pages = {133-151},
  publisher = {{Elsevier BV}}
}

@article{Pan_2019,
  title = {Establishment of Enhanced Geothermal Energy Utilization Plans: {{Barriers}} and Strategies},
  volume = {132},
  doi = {10.1016/j.renene.2018.07.126},
  journal = {Renewable Energy},
  author = {Pan, Shu-Yuan and Gao, Mengyao and Shah, Kinjal J. and Zheng, Jianming and Pei, Si-Lu and Chiang, Pen-Chi},
  month = mar,
  year = {2019},
  pages = {19-32},
  publisher = {{Elsevier BV}}
}

@article{Bertani_2016,
  title = {Geothermal Power Generation in the World 2010\textendash{}2014 Update Report},
  volume = {60},
  doi = {10.1016/j.geothermics.2015.11.003},
  journal = {Geothermics},
  author = {Bertani, Ruggero},
  month = mar,
  year = {2016},
  pages = {31-43},
  publisher = {{Elsevier BV}}
}

@article{Blackwell_2007,
  title = {Assessment of the {{Enhanced Geothermal System Resource Base}} of the {{United States}}},
  volume = {15},
  doi = {10.1007/s11053-007-9028-7},
  number = {4},
  journal = {Natural Resources Research},
  author = {Blackwell, David D. and Negraru, Petru T. and Richards, Maria C.},
  month = mar,
  year = {2007},
  pages = {283-308},
  publisher = {{Springer Nature}}
}

@article{Majer_2007,
  title = {Induced Seismicity Associated with {{Enhanced Geothermal Systems}}},
  volume = {36},
  doi = {10.1016/j.geothermics.2007.03.003},
  number = {3},
  journal = {Geothermics},
  author = {Majer, Ernest L. and Baria, Roy and Stark, Mitch and Oates, Stephen and Bommer, Julian and Smith, Bill and Asanuma, Hiroshi},
  month = jun,
  year = {2007},
  pages = {185-222},
  publisher = {{Elsevier BV}}
}

@article{Ellsworth_2013,
  title = {Injection-{{Induced Earthquakes}}},
  volume = {341},
  doi = {10.1126/science.1225942},
  number = {6142},
  journal = {Science},
  author = {Ellsworth, W. L.},
  month = jul,
  year = {2013},
  pages = {1225942-1225942},
  publisher = {{American Association for the Advancement of Science (AAAS)}}
}

@article{Olasolo_2016,
  title = {Enhanced Geothermal Systems ({{EGS}}): {{A}} Review},
  volume = {56},
  doi = {10.1016/j.rser.2015.11.031},
  journal = {Renewable and Sustainable Energy Reviews},
  author = {Olasolo, P. and Ju\'arez, M.C. and Morales, M.P. and D\textasciiacute{}Amico, Sebastiano and Liarte, I.A.},
  month = apr,
  year = {2016},
  pages = {133-144},
  publisher = {{Elsevier BV}}
}

@article{Deichmann_2009,
  title = {Earthquakes {{Induced}} by the {{Stimulation}} of an {{Enhanced Geothermal System}} below {{Basel}} ({{Switzerland}})},
  volume = {80},
  doi = {10.1785/gssrl.80.5.784},
  number = {5},
  journal = {Seismological Research Letters},
  author = {Deichmann, N. and Giardini, D.},
  month = sep,
  year = {2009},
  pages = {784-798},
  publisher = {{Seismological Society of America (SSA)}}
}

@article{Grigoli_2017,
  title = {The {{Challenges Posed}} by {{Induced Seismicity}}},
  volume = {98},
  doi = {10.1029/2018eo074869},
  journal = {Eos},
  author = {Grigoli, Francesco and Wiemer, Stefan},
  month = jun,
  year = {2017},
  publisher = {{American Geophysical Union (AGU)}}
}

@article{Grigoli_2018,
  title = {The {{November 2017Mw5}}.5 {{Pohang}} Earthquake: {{A}} Possible Case of Induced Seismicity in {{South Korea}}},
  volume = {360},
  doi = {10.1126/science.aat2010},
  number = {6392},
  journal = {Science},
  author = {Grigoli, F. and Cesca, S. and Rinaldi, A. P. and Manconi, A. and {L\'opez-Comino}, J. A. and Clinton, J. F. and Westaway, R. and Cauzzi, C. and Dahm, T. and Wiemer, S.},
  month = apr,
  year = {2018},
  pages = {1003-1006},
  publisher = {{American Association for the Advancement of Science (AAAS)}}
}

@article{Keranen_2013,
  title = {Potentially Induced Earthquakes in {{Oklahoma USA}}: {{Links}} between Wastewater Injection and the 2011 {{Mw}} 5.7 Earthquake Sequence},
  volume = {41},
  doi = {10.1130/g34045.1},
  number = {6},
  journal = {Geology},
  author = {Keranen, Katie M. and Savage, Heather M. and Abers, Geoffrey A. and Cochran, Elizabeth S.},
  month = jun,
  year = {2013},
  pages = {699-702},
  publisher = {{Geological Society of America}}
}

@article{Yeck_2017,
  title = {Oklahoma Experiences Largest Earthquake during Ongoing Regional Wastewater Injection Hazard Mitigation Efforts},
  volume = {44},
  doi = {10.1002/2016gl071685},
  number = {2},
  journal = {Geophysical Research Letters},
  author = {Yeck, W. L. and Hayes, G. P. and McNamara, D. E. and Rubinstein, J. L. and Barnhart, W. D. and Earle, P. S. and Benz, H. M.},
  month = jan,
  year = {2017},
  pages = {711-717},
  publisher = {{American Geophysical Union (AGU)}}
}

@article{Horton_2012,
  title = {Disposal of {{Hydrofracking Waste Fluid}} by {{Injection}} into {{Subsurface Aquifers Triggers Earthquake Swarm}} in {{Central Arkansas}} with {{Potential}} for {{Damaging Earthquake}}},
  volume = {83},
  doi = {10.1785/gssrl.83.2.250},
  number = {2},
  journal = {Seismological Research Letters},
  author = {Horton, S.},
  month = mar,
  year = {2012},
  pages = {250-260},
  publisher = {{Seismological Society of America (SSA)}}
}

@article{Kim_2013,
  title = {Induced Seismicity Associated with Fluid Injection into a Deep Well in {{Youngstown Ohio}}},
  volume = {118},
  doi = {10.1002/jgrb.50247},
  number = {7},
  journal = {Journal of Geophysical Research: Solid Earth},
  author = {Kim, Won-Young},
  month = jul,
  year = {2013},
  pages = {3506-3518},
  publisher = {{American Geophysical Union (AGU)}}
}

@article{McGarr_2017,
  title = {Wastewater {{Disposal}} and the {{Earthquake Sequences During}} 2016 {{Near Fairview Pawnee}}, and {{Cushing}}, {{Oklahoma}}},
  volume = {44},
  doi = {10.1002/2017gl075258},
  number = {18},
  journal = {Geophysical Research Letters},
  author = {McGarr, A. and Barbour, Andrew J.},
  month = sep,
  year = {2017},
  pages = {9330-9336},
  publisher = {{American Geophysical Union (AGU)}}
}

@article{Langenbruch_2017,
  title = {Response to {{Comment}} on ``{{How}} Will Induced Seismicity in {{Oklahoma}} Respond to Decreased Saltwater Injection Rates?''},
  volume = {3},
  doi = {10.1126/sciadv.aao2277},
  number = {8},
  journal = {Science Advances},
  author = {Langenbruch, Cornelius and Zoback, Mark D.},
  month = aug,
  year = {2017},
  pages = {eaao2277},
  publisher = {{American Association for the Advancement of Science (AAAS)}}
}

@article{Raleigh_1976,
  title = {An {{Experiment}} in {{Earthquake Control}} at {{Rangely Colorado}}},
  volume = {191},
  doi = {10.1126/science.191.4233.1230},
  number = {4233},
  journal = {Science},
  author = {Raleigh, C. B. and Healy, J. H. and Bredehoeft, J. D.},
  month = mar,
  year = {1976},
  pages = {1230-1237},
  publisher = {{American Association for the Advancement of Science (AAAS)}}
}

@incollection{Lomax_2014,
  title = {Earthquake {{Location Direct}}, {{Global}}-{{Search Methods}}},
  booktitle = {Encyclopedia of {{Complexity}} and {{Systems Science}}},
  publisher = {{Springer New York}},
  author = {Lomax, Anthony and Michelini, Alberto and Curtis, Andrew},
  year = {2014},
  pages = {1-33},
  doi = {10.1007/978-3-642-27737-5_150-2}
}

@article{Trugman_2017,
  title = {{{GrowClust}}: {{A Hierarchical Clustering Algorithm}} for {{Relative Earthquake Relocation}} with {{Application}} to the {{Spanish Springs}} and {{Sheldon}}, {{Nevada}}, {{Earthquake Sequences}}},
  volume = {88},
  doi = {10.1785/0220160188},
  number = {2A},
  journal = {Seismological Research Letters},
  author = {Trugman, Daniel T. and Shearer, Peter M.},
  month = feb,
  year = {2017},
  pages = {379-391},
  publisher = {{Seismological Society of America (SSA)}}
}

@article{shelly2018illuminating,
  title={Illuminating faulting complexity of the 2017 Yellowstone Maple Creek earthquake swarm},
  author={Shelly, David R and Hardebeck, Jeanne L},
  journal={Geophysical Research Letters},
  year={2018},
  publisher={Wiley Online Library}
}

@article{Shelly_2016,
  title = {Fluid-Faulting Evolution in High Definition: {{Connecting}} Fault Structure and Frequency-Magnitude Variations during the 2014 {{Long Valley Caldera California}}, Earthquake Swarm},
  volume = {121},
  doi = {10.1002/2015jb012719},
  number = {3},
  journal = {Journal of Geophysical Research: Solid Earth},
  author = {Shelly, David R. and Ellsworth, William L. and Hill, David P.},
  month = mar,
  year = {2016},
  pages = {1776-1795},
  publisher = {{American Geophysical Union (AGU)}}
}

@article{Chamberlain_2017b,
  title = {{{EQcorrscan}}: {{Repeating}} and {{Near}}-{{Repeating Earthquake Detection}} and {{Analysis}} in {{Python}}},
  volume = {89},
  doi = {10.1785/0220170151},
  number = {1},
  journal = {Seismological Research Letters},
  author = {Chamberlain, Calum J. and Hopp, Chet J. and Boese, Carolin M. and {Warren-Smith}, Emily and Chambers, Derrick and Chu, Shanna X. and Michailos, Konstantinos and Townend, John},
  month = dec,
  year = {2017},
  pages = {173-181},
  publisher = {{Seismological Society of America (SSA)}}
}

@article{Walsh_2009,
  title = {A {{Bayesian}} Approach to Determining and Parametrizing Earthquake Focal Mechanisms},
  volume = {176},
  doi = {10.1111/j.1365-246x.2008.03979.x},
  number = {1},
  journal = {Geophysical Journal International},
  author = {Walsh, David and Arnold, Richard and Townend, John},
  month = jan,
  year = {2009},
  pages = {235-255},
  publisher = {{Oxford University Press (OUP)}}
}

@article{Arnold_2007,
  title = {A {{Bayesian}} Approach to Estimating Tectonic Stress from Seismological Data},
  volume = {170},
  doi = {10.1111/j.1365-246x.2007.03485.x},
  number = {3},
  journal = {Geophysical Journal International},
  author = {Arnold, Richard and Townend, John},
  month = sep,
  year = {2007},
  pages = {1336-1356},
  publisher = {{Oxford University Press (OUP)}}
}

@article{Lund_2007,
  title = {Calculating Horizontal Stress Orientations with Full or Partial Knowledge of the Tectonic Stress Tensor},
  volume = {170},
  doi = {10.1111/j.1365-246x.2007.03468.x},
  number = {3},
  journal = {Geophysical Journal International},
  author = {Lund, Bj\"orn and Townend, John},
  month = sep,
  year = {2007},
  pages = {1328-1335},
  publisher = {{Oxford University Press (OUP)}}
}

@techreport{Zyvoloski_1988,
  title = {{{FEHM}}: Finite Element Heat and Mass Transfer Code},
  institution = {{Office of Scientific and Technical Information (OSTI)}},
  author = {Zyvoloski, G. and Dash, Z. and Kelkar, S.},
  month = mar,
  year = {1988},
  doi = {10.2172/5495517}
}

@book{Grant_2011,
  title = {Geothermal {{Reservoir Engineering}}},
  publisher = {{Elsevier}},
  author = {Grant, Malcolm A. and Bixley, Paul F.},
  year = {2011},
  doi = {https://doi.org/10.1016/C2010-0-64792-4},
  booktitle = {Geothermal {{Reservoir Engineering}}}
}

@article{McNamara_2016,
  title = {A Review of the {{Rotokawa Geothermal Field New Zealand}}},
  volume = {59},
  doi = {10.1016/j.geothermics.2015.07.007},
  journal = {Geothermics},
  author = {McNamara, David Daniel and Sewell, Steven and Buscarlet, Etienne and Wallis, Irene C.},
  month = jan,
  year = {2016},
  pages = {281-293},
  publisher = {{Elsevier BV}}
}

@article{Chambefort_2016,
  title = {Ngatamariki {{Geothermal Field New Zealand}}: {{Geology}}, Geophysics, Chemistry and Conceptual Model},
  volume = {59},
  doi = {10.1016/j.geothermics.2015.07.011},
  journal = {Geothermics},
  author = {Chambefort, Isabelle and Buscarlet, Etienne and Wallis, Irene C. and Sewell, Steven and Wilmarth, Maxwell},
  month = jan,
  year = {2016},
  pages = {266-280},
  publisher = {{Elsevier BV}}
}

@book{DiPippo_2016,
  title = {Geothermal {{Power Generation}}},
  publisher = {{Elsevier}},
  author = {DiPippo, Ronald},
  year = {2016},
  doi = {https://doi.org/10.1016/C2014-0-03384-9}
}

@techreport{Ormat_2018,
  title = {Ormat {{Technologies Inc}}., 2017 {{Annual Report}}},
  author = {{Ormat Technologies Inc.}},
  month = mar,
  year = {2018}
}

@inproceedings{grant2013thermal,
  title = {Thermal Stimulation of Geothermal Wells: A Review of Field Data},
  booktitle = {Thirty-{{Eighth Workshop}} on {{Geothermal Reservoir Engineering}}},
  author = {Grant, Malcolm A and Clearwater, Jonathon and Quin\~ao, Jaime and Bixley, Paul F and Le Brun, Morgane},
  year = {2013}
}

@inproceedings{Clearwater_2015,
  title = {Changes in Injection Well Capacity during Testing and Plant Start-up at {{Ngatamariki}}},
  booktitle = {World {{Geothermal Congress}}},
  author = {Clearwater, Jonathon and Azwar, Lutfhie and Barnes, Mike and Wallis, Irene and Holt, Robert},
  year = {2015}
}

@article{Cole_1981,
  title = {Evolution of the {{Taupo}}-{{Hikurangi}} Subduction System},
  volume = {72},
  doi = {10.1016/0040-1951(81)90084-6},
  number = {1-2},
  journal = {Tectonophysics},
  author = {Cole, J.W. and Lewis, K.B.},
  month = jan,
  year = {1981},
  pages = {1-21},
  publisher = {{Elsevier BV}}
}

@article{Wilson_1995,
  title = {Volcanic and Structural Evolution of {{Taupo Volcanic Zone New Zealand}}: A Review},
  volume = {68},
  doi = {10.1016/0377-0273(95)00006-g},
  number = {1-3},
  journal = {Journal of Volcanology and Geothermal Research},
  author = {Wilson, C.J.N. and Houghton, B.F. and McWilliams, M.O. and Lanphere, M.A. and Weaver, S.D. and Briggs, R.M.},
  month = oct,
  year = {1995},
  pages = {1-28},
  publisher = {{Elsevier BV}}
}

@article{Wilson_2016,
  title = {The Volcanic Magmatic and Tectonic Setting of the {{Taupo Volcanic Zone}}, {{New Zealand}}, Reviewed from a Geothermal Perspective},
  volume = {59},
  doi = {10.1016/j.geothermics.2015.06.013},
  journal = {Geothermics},
  author = {Wilson, Colin J.N. and Rowland, Julie V.},
  month = jan,
  year = {2016},
  pages = {168-187},
  publisher = {{Elsevier BV}}
}

@article{Stern_2011,
  title = {Wide-Angle Seismic Imaging beneath an Andesitic Arc: {{Central North Island New Zealand}}},
  volume = {116},
  doi = {10.1029/2011jb008337},
  number = {B9},
  journal = {Journal of Geophysical Research},
  author = {Stern, Tim and Benson, Adrian},
  month = sep,
  year = {2011},
  publisher = {{American Geophysical Union (AGU)}}
}

@article{Bibby_1995,
  title = {Geophysical Evidence on the Structure of the {{Taupo Volcanic Zone}} and Its Hydrothermal Circulation},
  volume = {68},
  doi = {10.1016/0377-0273(95)00007-h},
  number = {1-3},
  journal = {Journal of Volcanology and Geothermal Research},
  author = {Bibby, H.M. and Caldwell, T.G. and Davey, F.J. and Webb, T.H.},
  month = oct,
  year = {1995},
  pages = {29-58},
  publisher = {{Elsevier BV}}
}

@article{Wallace_2004,
  title = {Subduction Zone Coupling and Tectonic Block Rotations in the {{North Island New Zealand}}},
  volume = {109},
  doi = {10.1029/2004jb003241},
  number = {B12},
  journal = {Journal of Geophysical Research},
  author = {Wallace, Laura M.},
  year = {2004},
  publisher = {{American Geophysical Union (AGU)}}
}

@article{Villamor_2011,
  title = {Associations between Volcanic Eruptions from {{Okataina}} Volcanic Center and Surface Rupture of Nearby Active Faults {{Taupo}} Rift, {{New Zealand}}: {{Insights}} into the Nature of Volcano-Tectonic Interactions},
  volume = {123},
  doi = {10.1130/b30184.1},
  number = {7-8},
  journal = {Geological Society of America Bulletin},
  author = {Villamor, P. and Berryman, K. R. and Nairn, I. A. and Wilson, K. and Litchfield, N. and Ries, W.},
  month = jan,
  year = {2011},
  pages = {1383-1405},
  publisher = {{Geological Society of America}}
}

@article{DeMets_1994,
  title = {Effect of Recent Revisions to the Geomagnetic Reversal Time Scale on Estimates of Current Plate Motions},
  volume = {21},
  doi = {10.1029/94gl02118},
  number = {20},
  journal = {Geophysical Research Letters},
  author = {DeMets, Charles and Gordon, Richard G. and Argus, Donald F. and Stein, Seth},
  month = oct,
  year = {1994},
  pages = {2191-2194},
  publisher = {{American Geophysical Union (AGU)}}
}

@article{Downs_2014,
  title = {Evolution of the Intra-Arc {{Taupo}}-{{Reporoa Basin}} within the {{Taupo Volcanic Zone}} of {{New Zealand}}},
  volume = {10},
  number = {1},
  journal = {Geosphere},
  author = {Downs, DT and Rowland, JV and Wilson, CJN and Rosenberg, MD and Leonard, GS and Calvert, AT},
  year = {2014},
  pages = {185-206},
  publisher = {{Geological Society of America}}
}

@article{Chambefort_2014,
  title = {Stratigraphy and Structure of the {{Ngatamariki}} Geothermal System from New Zircon {{U}}\textendash{{Pb}} Geochronology: {{Implications}} for {{Taupo Volcanic Zone}} Evolution},
  volume = {274},
  doi = {10.1016/j.jvolgeores.2014.01.015},
  journal = {Journal of Volcanology and Geothermal Research},
  author = {Chambefort, I. and Lewis, B. and Wilson, C.J.N. and Rae, A.J. and Coutts, C. and Bignall, G. and Ireland, T.R.},
  month = mar,
  year = {2014},
  pages = {51-70},
  publisher = {{Elsevier BV}}
}

@techreport{nm09_report,
  title = {{{FMI Image Interpretation Report}}: {{Might River Power Ngatamariki}}-9},
  institution = {{Schlumberger Oilfield Australia}},
  author = {Halwa, Leon},
  year = {2013},
  pages = {168}
}

@techreport{nm10_report,
  title = {Wellbore {{Image Interpretation Results NM10}} ({{FMI}} \& {{AFIT}} - {{Final}})},
  institution = {{Schlumberger Oilfield Australia}},
  author = {Halwa, Leon},
  year = {2013},
  pages = {65}
}

@article{massiot_2012,
  title = {Interpretation of Acoustic Borehole Images from Injection Well {{NM8A}}, {{Ngatamariki Geothermal Field}}},
  volume = {192},
  journal = {GNS Science consultancy report 2012},
  author = {Massiot, C\'ecile and Lewis, Brandon and McNamara, David D.},
  year = {2012},
  pages = {24}
}

@article{massiot_rk18l2,
  title = {Structural Interpretation of Acoustic Borehole Images from Well {{RK18L2}}, {{Rotokawa Geothermal Field}}},
  volume = {216},
  journal = {GNS Science consultancy report 2010},
  author = {Massiot, C\'ecile and McNamara, David D.},
  year = {2010},
  pages = {43}
}

@article{massiot_rk32,
  title = {Structural Interpretation of Acoustic Borehole Images from Well {{RK32}}, {{Rotokawa Geothermal Field}}},
  volume = {64},
  journal = {GNS Science consultancy report 2011},
  author = {Massiot, C\'ecile and McNamara, David D.},
  year = {2011},
  pages = {42}
}

@article{mcnamara2011rk29,
  title = {Structural Interpretation of Acoustic Borehole Images from Well {{RK29}}, {{Rotokawa Geothermal Field}}},
  volume = {202},
  journal = {GNS Science consultancy report 2011},
  author = {McNamara, David D.},
  year = {2011},
  pages = {34}
}

@article{mcnamara2010rk30l1,
  title = {Structural Interpretation of Acoustic Borehole Images from Well {{RK30L1}}, {{Rotokawa Geothermal Field}}},
  volume = {124},
  journal = {GNS Science consultancy report 2010},
  author = {McNamara, David D.},
  year = {2010},
  pages = {34}
}

@article{Bignall_2009,
  title = {Ngatamariki Geothermal Field Geoscience Overview},
  volume = {94},
  journal = {GNS Science consultancy report 2009},
  author = {Bignall, G},
  year = {2009},
  pages = {35}
}

@article{AFDB,
  title = {The {{New Zealand Active Faults Database}}},
  volume = {59},
  doi = {10.1080/00288306.2015.1112818},
  number = {1},
  journal = {New Zealand Journal of Geology and Geophysics},
  author = {Langridge, RM and Ries, WF and Litchfield, NJ and Villamor, P and Dissen, RJ Van and Barrell, DJA and Rattenbury, MS and Heron, DW and Haubrock, S and Townsend, DB and Lee, JM and Berryman, KR and Nicol, A and Cox, SC and Stirling, MW},
  year = {2016},
  pages = {86-96},
  eprint = {http://dx.doi.org/10.1080/00288306.2015.1112818}
}

@inproceedings{Boseley_2010,
  title = {A Resource Conceptual Model for the {{Ngatamariki}} Geothermal Field Based on Recent Exploration Well Drilling and {{3D MT}} Resistivity Imaging},
  booktitle = {Proceedings {{World Geothermal Congress}}},
  author = {Boseley, Catherine and Cumming, William and {Urz\'ua-Monsalve}, Luis and Powell, Tom and Grant, Malcolm},
  year = {2010}
}

@article{Quinao_2018,
  title = {Geothermal Resource Assessment Using {{Experimental Design}} and {{Response Surface Methods}}: {{The Ngatamariki}} Geothermal Field {{New Zealand}}},
  volume = {116},
  doi = {10.1016/j.renene.2017.09.084},
  journal = {Renewable Energy},
  author = {Quinao, Jaime Jose D. and Zarrouk, Sadiq J.},
  month = feb,
  year = {2018},
  pages = {324-334},
  publisher = {{Elsevier BV}}
}

@inproceedings{Sewell_2015,
  title = {Rotokawa {{Conceptual Model Update}} 5 Years {{After Commissioning}} of the 138 {{MWe NAP Plant}}},
  volume = {18},
  booktitle = {Proceedings 37th {{New Zealand Geothermal Workshop}}},
  author = {Sewell, S.M. and Addison, S.J. and Azwar, L. and Barnes, M.L.},
  year = {2015}
}

@article{Guglielmi_2015,
  title = {Seismicity Triggered by Fluid Injection-Induced Aseismic Slip},
  volume = {348},
  doi = {10.1126/science.aab0476},
  number = {6240},
  journal = {Science},
  author = {Guglielmi, Y. and Cappa, F. and Avouac, J.-P. and Henry, P. and Elsworth, D.},
  month = jun,
  year = {2015},
  pages = {1224-1226},
  publisher = {{American Association for the Advancement of Science (AAAS)}}
}

@article{Lee_2002,
  title = {Hydraulic {{Characteristics}} of {{Rough Fractures}} in {{Linear Flow}} under {{Normal}} and {{Shear Load}}},
  volume = {35},
  doi = {10.1007/s00603-002-0028-y},
  number = {4},
  journal = {Rock Mechanics and Rock Engineering},
  author = {Lee, H. S. and Cho, T. F.},
  month = oct,
  year = {2002},
  pages = {299-318},
  publisher = {{Springer Nature}}
}

@article{Sherburn_2015,
  title = {Microseismicity at {{Rotokawa}} Geothermal Field {{New Zealand}}, 2008\textendash{}2012},
  volume = {54},
  doi = {10.1016/j.geothermics.2014.11.001},
  journal = {Geothermics},
  author = {Sherburn, S. and Sewell, S.M. and Bourguignon, S. and Cumming, W. and Bannister, S. and Bardsley, C. and Winick, J. and Quinao, J. and Wallis, I.C.},
  month = mar,
  year = {2015},
  pages = {23-34},
  publisher = {{Elsevier BV}}
}

@article{Cant_2018,
  title = {Matrix Permeability of Reservoir Rocks {{Ngatamariki}} Geothermal Field, {{Taupo Volcanic Zone}}, {{New Zealand}}},
  volume = {6},
  doi = {10.1186/s40517-017-0088-6},
  number = {1},
  journal = {Geothermal Energy},
  author = {Cant, J. L. and Siratovich, P. A. and Cole, J. W. and Villeneuve, M. C. and Kennedy, B. M.},
  month = jan,
  year = {2018},
  publisher = {{Springer Nature}}
}

@book{2011,
  title = {Geothermal {{Reservoir Engineering}}},
  publisher = {{Elsevier}},
  author = {Malcolm A. Grant, Paul F. Bixley},
  year = {2011},
  doi = {https://doi.org/10.1016/C2010-0-64792-4},
  booktitle = {Geothermal {{Reservoir Engineering}}}
}

@article{Jeanne_2014,
  title = {The Impacts of Mechanical Stress Transfers Caused by Hydromechanical and Thermal Processes on Fault Stability during Hydraulic Stimulation in a Deep Geothermal Reservoir},
  volume = {72},
  doi = {10.1016/j.ijrmms.2014.09.005},
  journal = {International Journal of Rock Mechanics and Mining Sciences},
  author = {Jeanne, Pierre and Rutqvist, Jonny and Dobson, Patrick F. and Walters, Mark and Hartline, Craig and Garcia, Julio},
  month = dec,
  year = {2014},
  pages = {149-163},
  publisher = {{Elsevier BV}}
}

@article{Fang_2017,
  title = {Seismicity-Permeability Coupling in the Behavior of Gas Shales {{CO2}} Storage and Deep Geothermal Energy},
  volume = {3},
  doi = {10.1007/s40948-017-0051-9},
  number = {2},
  journal = {Geomechanics and Geophysics for Geo-Energy and Geo-Resources},
  author = {Fang, Y. and Wang, C. and Elsworth, D. and Ishibashi, T.},
  month = jan,
  year = {2017},
  pages = {189-198},
  publisher = {{Springer Nature}}
}

@article{Gupta_2018,
  title = {Review: {{Reservoir Triggered Seismicity}} ({{RTS}}) at {{Koyna India}}, over the {{Past}} 50 {{Yrs}}},
  volume = {108},
  doi = {10.1785/0120180019},
  number = {5B},
  journal = {Bulletin of the Seismological Society of America},
  author = {Gupta, Harsh K.},
  month = jul,
  year = {2018},
  pages = {2907-2918},
  publisher = {{Seismological Society of America (SSA)}}
}

@article{Healy_1968,
  title = {The {{Denver Earthquakes}}},
  volume = {161},
  doi = {10.1126/science.161.3848.1301},
  number = {3848},
  journal = {Science},
  author = {Healy, J. H. and Rubey, W. W. and Griggs, D. T. and Raleigh, C. B.},
  month = sep,
  year = {1968},
  pages = {1301-1310},
  publisher = {{American Association for the Advancement of Science (AAAS)}}
}

@article{Goebel_2018,
  title = {The Spatial Footprint of Injection Wells in a Global Compilation of Induced Earthquake Sequences},
  volume = {361},
  doi = {10.1126/science.aat5449},
  number = {6405},
  journal = {Science},
  author = {Goebel, Thomas H. W. and Brodsky, Emily E.},
  month = aug,
  year = {2018},
  pages = {899-904},
  publisher = {{American Association for the Advancement of Science (AAAS)}}
}

@article{Chambers_2015,
  title = {Detecting and Characterizing Coal Mine Related Seismicity in the {{Western U}}.{{S}}. Using Subspace Methods},
  volume = {203},
  doi = {10.1093/gji/ggv383},
  number = {2},
  journal = {Geophysical Journal International},
  author = {Chambers, Derrick J.A. and Koper, Keith D. and Pankow, Kristine L. and McCarter, Michael K.},
  month = oct,
  year = {2015},
  pages = {1388-1399},
  publisher = {{Oxford University Press (OUP)}}
}

@article{Kim_2007,
  title = {North {{Korean Nuclear Test}}: {{Seismic Discrimination}} at {{Low Yield}}},
  volume = {88},
  doi = {10.1029/2007eo140002},
  number = {14},
  journal = {Eos Transactions American Geophysical Union},
  author = {Kim, Won-Young and Richards, Paul G.},
  month = apr,
  year = {2007},
  pages = {158},
  publisher = {{American Geophysical Union (AGU)}}
}

@article{Atkinson_2016,
  title = {Hydraulic {{Fracturing}} and {{Seismicity}} in the {{Western Canada Sedimentary Basin}}},
  volume = {87},
  doi = {10.1785/0220150263},
  number = {3},
  journal = {Seismological Research Letters},
  author = {Atkinson, Gail M. and Eaton, David W. and Ghofrani, Hadi and Walker, Dan and Cheadle, Burns and Schultz, Ryan and Shcherbakov, Robert and Tiampo, Kristy and Gu, Jeff and Harrington, Rebecca M. and Liu, Yajing and {van der Baan}, Mirko and Kao, Honn},
  month = mar,
  year = {2016},
  pages = {631-647},
  publisher = {{Seismological Society of America (SSA)}}
}

@article{Skoumal_2015,
  title = {Earthquakes {{Induced}} by {{Hydraulic Fracturing}} in {{Poland Township Ohio}}},
  volume = {105},
  doi = {10.1785/0120140168},
  number = {1},
  journal = {Bulletin of the Seismological Society of America},
  author = {Skoumal, Robert J. and Brudzinski, Michael R. and Currie, Brian S.},
  month = jan,
  year = {2015},
  pages = {189-197},
  publisher = {{Seismological Society of America (SSA)}}
}

@article{Hough_2016,
  title = {Potentially {{Induced Earthquakes}} during the {{Early Twentieth Century}} in the {{Los Angeles Basin}}},
  volume = {106},
  doi = {10.1785/0120160157},
  number = {6},
  journal = {Bulletin of the Seismological Society of America},
  author = {Hough, Susan E. and Page, Morgan},
  month = nov,
  year = {2016},
  pages = {2419-2435},
  publisher = {{Seismological Society of America (SSA)}}
}

@article{Zoback_2012co2,
  title = {Earthquake Triggering and Large-Scale Geologic Storage of Carbon Dioxide},
  volume = {109},
  doi = {10.1073/pnas.1202473109},
  number = {26},
  journal = {Proceedings of the National Academy of Sciences},
  author = {Zoback, M. D. and Gorelick, S. M.},
  month = jun,
  year = {2012},
  pages = {10164-10168},
  publisher = {{Proceedings of the National Academy of Sciences}}
}

@article{Evans_2012,
  title = {A Survey of the Induced Seismic Responses to Fluid Injection in Geothermal and {{CO2}} Reservoirs in {{Europe}}},
  volume = {41},
  doi = {10.1016/j.geothermics.2011.08.002},
  journal = {Geothermics},
  author = {Evans, Keith F. and Zappone, Alba and Kraft, Toni and Deichmann, Nicolas and Moia, Fabio},
  month = jan,
  year = {2012},
  pages = {30-54},
  publisher = {{Elsevier BV}}
}

@book{2013,
  title = {Induced {{Seismicity Potential}} in {{Energy Technologies}}},
  publisher = {{National Academies Press}},
  author = {{National Academy of Sciences}},
  month = aug,
  year = {2013},
  doi = {10.17226/13355}
}

@article{Goertz_Allmann_2017,
  title = {Characterization of Induced Seismicity Patterns Derived from Internal Structure in Event Clusters},
  volume = {122},
  doi = {10.1002/2016jb013731},
  number = {5},
  journal = {Journal of Geophysical Research: Solid Earth},
  author = {{Goertz-Allmann}, B. P. and Gibbons, S. J. and Oye, V. and Bauer, R. and Will, R.},
  month = may,
  year = {2017},
  pages = {3875-3894},
  publisher = {{American Geophysical Union (AGU)}}
}

@article{Evans_2004,
  title = {Microseismicity and Permeability Enhancement of Hydrogeologic Structures during Massive Fluid Injections into Granite at 3 Km Depth at the {{Soultz HDR}} Site},
  volume = {160},
  doi = {10.1111/j.1365-246x.2004.02474.x},
  number = {1},
  journal = {Geophysical Journal International},
  author = {Evans, K. F. and Moriya, H. and Niitsuma, H. and Jones, R. H. and Phillips, W. S. and Genter, A. and Sausse, J. and Jung, R. and Baria, R.},
  month = dec,
  year = {2004},
  pages = {389-412},
  publisher = {{Oxford University Press (OUP)}}
}

@article{Baisch_2006,
  title = {Induced {{Seismicity}} during the {{Stimulation}} of a {{Geothermal HFR Reservoir}} in the {{Cooper Basin Australia}}},
  volume = {96},
  doi = {10.1785/0120050255},
  number = {6},
  journal = {Bulletin of the Seismological Society of America},
  author = {Baisch, S. and Weidler, R. and Voros, R. and Wyborn, D. and {de Graaf}, L.},
  month = dec,
  year = {2006},
  pages = {2242-2256},
  publisher = {{Seismological Society of America (SSA)}}
}

@article{1990,
  title = {Anomalous Seismic Events Observed at the {{CSM HDR}} Project {{U}}.{{K}}.},
  volume = {27},
  doi = {10.1016/0148-9062(90)94943-n},
  number = {2},
  journal = {International Journal of Rock Mechanics and Mining Sciences \& Geomechanics Abstracts},
  month = apr,
  year = {1990},
  pages = {A74},
  publisher = {{Elsevier BV}}
}

@article{Baria_1989,
  title = {Anomalous Seismic Events Observed at the {{CSM HDR}} Project {{U}}.{{K}}.},
  volume = {26},
  doi = {10.1016/0148-9062(89)91975-x},
  number = {3-4},
  journal = {International Journal of Rock Mechanics and Mining Sciences \& Geomechanics Abstracts},
  author = {Baria, R. and Green, A.S.P. and Jones, R.H.},
  month = jul,
  year = {1989},
  pages = {257-269},
  publisher = {{Elsevier BV}}
}

@article{Batini_1985,
  title = {Seismological Study of {{Larderello}} \textemdash{} {{Travale}} Geothermal Area},
  volume = {14},
  doi = {10.1016/0375-6505(85)90066-5},
  number = {2-3},
  journal = {Geothermics},
  author = {Batini, F. and Console, R. and Luongo, G.},
  month = jan,
  year = {1985},
  pages = {255-272},
  publisher = {{Elsevier BV}}
}

@article{Allis_1982,
  title = {Mechanism of Induced Seismicity at the {{Geysers Geothermal Reservoir California}}},
  volume = {9},
  doi = {10.1029/gl009i006p00629},
  number = {6},
  journal = {Geophysical Research Letters},
  author = {Allis, R. G.},
  month = jun,
  year = {1982},
  pages = {629-632},
  publisher = {{American Geophysical Union (AGU)}}
}

@article{Catalli_2016,
  title = {The Importance of Earthquake Interactions for Injection-Induced Seismicity: {{Retrospective}} Modeling of the {{Basel Enhanced Geothermal System}}},
  volume = {43},
  doi = {10.1002/2016gl068932},
  number = {10},
  journal = {Geophysical Research Letters},
  author = {Catalli, Flaminia and Rinaldi, Antonio P. and Gischig, Valentin and Nespoli, Massimo and Wiemer, Stefan},
  month = may,
  year = {2016},
  pages = {4992-4999},
  publisher = {{American Geophysical Union (AGU)}}
}

@article{Schoenball_2012,
  title = {The Role of Triggering by Static Stress Transfer during Geothermal Reservoir Stimulation},
  volume = {117},
  doi = {10.1029/2012jb009304},
  number = {B9},
  journal = {Journal of Geophysical Research: Solid Earth},
  author = {Schoenball, M. and Baujard, C. and Kohl, T. and Dorbath, L.},
  month = sep,
  year = {2012},
  publisher = {{American Geophysical Union (AGU)}}
}

@article{Shapiro_2002,
  title = {Characterization of Fluid Transport Properties of Reservoirs Using Induced Microseismicity},
  volume = {67},
  doi = {10.1190/1.1451597},
  number = {1},
  journal = {GEOPHYSICS},
  author = {Shapiro, Serge A. and Rothert, Elmar and Rath, Volker and Rindschwentner, Jan},
  month = jan,
  year = {2002},
  pages = {212-220},
  publisher = {{Society of Exploration Geophysicists}}
}

@article{Biot_1956,
  title = {Theory of {{Propagation}} of {{Elastic Waves}} in a {{Fluid}}-{{Saturated Porous Solid}}. {{I}}. {{Low}}-{{Frequency Range}}},
  volume = {28},
  doi = {10.1121/1.1908239},
  number = {2},
  journal = {The Journal of the Acoustical Society of America},
  author = {Biot, M. A.},
  month = mar,
  year = {1956},
  pages = {168-178},
  publisher = {{Acoustical Society of America (ASA)}}
}

@article{Shapiro_1997,
  title = {Estimating the Crust Permeability from Fluid-Injection-Induced Seismic Emission at the {{KTB}} Site},
  volume = {131},
  doi = {10.1111/j.1365-246x.1997.tb01215.x},
  number = {2},
  journal = {Geophysical Journal International},
  author = {Shapiro, Sergei A. and Huenges, Ernst and Borm, G\"unter},
  month = nov,
  year = {1997},
  pages = {F15-F18},
  publisher = {{Oxford University Press (OUP)}}
}

@article{Shapiro_2009,
  title = {Fluid-Induced Seismicity: {{Pressure}} Diffusion and Hydraulic Fracturing},
  volume = {57},
  doi = {10.1111/j.1365-2478.2008.00770.x},
  number = {2},
  journal = {Geophysical Prospecting},
  author = {Shapiro, S.A. and Dinske, C.},
  month = mar,
  year = {2009},
  pages = {301-310},
  publisher = {{Wiley}}
}

@article{Parotidis_2004,
  title = {Back Front of Seismicity Induced after Termination of Borehole Fluid Injection},
  volume = {31},
  doi = {10.1029/2003gl018987},
  number = {2},
  journal = {Geophysical Research Letters},
  author = {Parotidis, M. and Shapiro, S. A. and Rothert, E.},
  month = jan,
  year = {2004},
  publisher = {{American Geophysical Union (AGU)}}
}

@article{Goebel_2017,
  title = {The 2016 {{Mw5}}.1 {{Fairview Oklahoma}} Earthquakes: {{Evidence}} for Long-Range Poroelastic Triggering at 40 Km from Fluid Disposal Wells},
  volume = {472},
  doi = {10.1016/j.epsl.2017.05.011},
  journal = {Earth and Planetary Science Letters},
  author = {Goebel, T.H.W. and Weingarten, M. and Chen, X. and Haffener, J. and Brodsky, E.E.},
  month = aug,
  year = {2017},
  pages = {50-61},
  publisher = {{Elsevier BV}}
}

@article{Segall_1994,
  title = {Poroelastic Stressing and Induced Seismicity near the {{Lacq}} Gas Field Southwestern {{France}}},
  volume = {99},
  doi = {10.1029/94jb00989},
  number = {B8},
  journal = {Journal of Geophysical Research},
  author = {Segall, Paul and Grasso, Jean-Robert and Mossop, Antony},
  year = {1994},
  pages = {15423},
  publisher = {{American Geophysical Union (AGU)}}
}

@article{Segall_1998,
  title = {A Note on Induced Stress Changes in Hydrocarbon and Geothermal Reservoirs},
  volume = {289},
  doi = {10.1016/s0040-1951(97)00311-9},
  number = {1-3},
  journal = {Tectonophysics},
  author = {Segall, Paul and Fitzgerald, Shaun D.},
  month = apr,
  year = {1998},
  pages = {117-128},
  publisher = {{Elsevier BV}}
}

@article{Hincks_2018,
  title = {Oklahoma's Induced Seismicity Strongly Linked to Wastewater Injection Depth},
  volume = {359},
  doi = {10.1126/science.aap7911},
  number = {6381},
  journal = {Science},
  author = {Hincks, Thea and Aspinall, Willy and Cooke, Roger and Gernon, Thomas},
  month = feb,
  year = {2018},
  pages = {1251-1255},
  publisher = {{American Association for the Advancement of Science (AAAS)}}
}

@article{Toda_2003,
  title = {Toggling of Seismicity by the 1997 {{Kagoshima}} Earthquake Couplet: {{A}} Demonstration of Time-Dependent Stress Transfer},
  volume = {108},
  doi = {10.1029/2003jb002527},
  number = {B12},
  journal = {Journal of Geophysical Research},
  author = {Toda, Shinji},
  year = {2003},
  publisher = {{American Geophysical Union (AGU)}}
}

@article{Mart_nez_Garz_n_2014,
  title = {Spatiotemporal Changes Faulting Regimes, and Source Parameters of Induced Seismicity: {{A}} Case Study from {{The Geysers}} Geothermal Field},
  volume = {119},
  doi = {10.1002/2014jb011385},
  number = {11},
  journal = {Journal of Geophysical Research: Solid Earth},
  author = {{Mart\'\i{}nez-Garz\'on}, Patricia and Kwiatek, Grzegorz and Sone, Hiroki and Bohnhoff, Marco and Dresen, Georg and Hartline, Craig},
  month = nov,
  year = {2014},
  pages = {8378-8396},
  publisher = {{American Geophysical Union (AGU)}}
}

@article{Mart_nez_Garz_n_2013,
  title = {Stress Tensor Changes Related to Fluid Injection at {{The Geysers}} Geothermal Field {{California}}},
  volume = {40},
  doi = {10.1002/grl.50438},
  number = {11},
  journal = {Geophysical Research Letters},
  author = {{Mart\'\i{}nez-Garz\'on}, Patricia and Bohnhoff, Marco and Kwiatek, Grzegorz and Dresen, Georg},
  month = jun,
  year = {2013},
  pages = {2596-2601},
  publisher = {{American Geophysical Union (AGU)}}
}

@article{Mart_nez_Garz_n_2017,
  title = {Volumetric Components in the Earthquake Source Related to Fluid Injection and Stress State},
  volume = {44},
  doi = {10.1002/2016gl071963},
  number = {2},
  journal = {Geophysical Research Letters},
  author = {{Mart\'\i{}nez-Garz\'on}, Patricia and Kwiatek, Grzegorz and Bohnhoff, Marco and Dresen, Georg},
  month = jan,
  year = {2017},
  pages = {800-809},
  publisher = {{American Geophysical Union (AGU)}}
}

@article{Jeanne_2015tensor,
  title = {Geomechanical Simulation of the Stress Tensor Rotation Caused by Injection of Cold Water in a Deep Geothermal Reservoir},
  volume = {120},
  doi = {10.1002/2015jb012414},
  number = {12},
  journal = {Journal of Geophysical Research: Solid Earth},
  author = {Jeanne, Pierre and Rutqvist, Jonny and Dobson, Patrick F. and Garcia, Julio and Walters, Mark and Hartline, Craig and Borgia, Andrea},
  month = dec,
  year = {2015},
  pages = {8422-8438},
  publisher = {{American Geophysical Union (AGU)}}
}

@article{Fang_2018,
  title = {Reservoir Permeability Mapping Using Microearthquake Data},
  volume = {72},
  doi = {10.1016/j.geothermics.2017.10.019},
  journal = {Geothermics},
  author = {Fang, Yi and Elsworth, Derek and Cladouhos, Trenton T.},
  month = mar,
  year = {2018},
  pages = {83-100},
  publisher = {{Elsevier BV}}
}

@article{Yoon_2014,
  title = {Numerical Investigation on Optimized Stimulation of Intact and Naturally Fractured Deep Geothermal Reservoirs Using Hydro-Mechanical Coupled Discrete Particles Joints Model},
  volume = {52},
  doi = {10.1016/j.geothermics.2014.01.009},
  journal = {Geothermics},
  author = {Yoon, Jeoung Seok and Zang, Arno and Stephansson, Ove},
  month = oct,
  year = {2014},
  pages = {165-184},
  publisher = {{Elsevier BV}}
}

@article{Dempsey_2015,
  title = {Numerical Modeling of Injection Stress and Permeability Enhancement during Shear Stimulation at the {{Desert Peak Enhanced Geothermal System}}},
  volume = {78},
  doi = {10.1016/j.ijrmms.2015.06.003},
  journal = {International Journal of Rock Mechanics and Mining Sciences},
  author = {Dempsey, David and Kelkar, Sharad and Davatzes, Nicholas and Hickman, Stephen and Moos, Daniel},
  month = sep,
  year = {2015},
  pages = {190-206},
  publisher = {{Elsevier BV}}
}

@inproceedings{sewell2017,
  title = {Preliminary Investigation of Seismic Velocity Variation at the {{Rotokawa}} and {{Ngatamariki}} Geothermal Field},
  booktitle = {Proceedings 39th {{New Zealand Geothermal Workshop}}},
  author = {Sewell, S. and Savage, M. and Townend, J. and Bannister, S. and Hutchings, L.},
  year = {2017}
}

@article{thurber1985nonlinear,
  title = {Nonlinear Earthquake Location: Theory and Examples},
  volume = {75},
  number = {3},
  journal = {Bulletin of the Seismological Society of America},
  author = {Thurber, Clifford H},
  year = {1985},
  pages = {779-790},
  publisher = {{The Seismological Society of America}}
}

@article{geiger1912probability,
  title = {Probability Method for the Determination of Earthquake Epicenters from the Arrival Time Only},
  volume = {8},
  number = {1},
  journal = {Bull. St. Louis Univ},
  author = {Geiger, Ludwig},
  year = {1912},
  pages = {56-71}
}

@article{withers1998comparison,
  title = {A Comparison of Select Trigger Algorithms for Automated Global Seismic Phase and Event Detection},
  volume = {88},
  number = {1},
  journal = {Bulletin of the Seismological Society of America},
  author = {Withers, Mitchell and Aster, Richard and Young, Christopher and Beiriger, Judy and Harris, Mark and Moore, Susan and Trujillo, Julian},
  year = {1998},
  pages = {95-106},
  publisher = {{The Seismological Society of America}}
}

@article{richter1935instrumental,
  title = {An Instrumental Earthquake Magnitude Scale},
  volume = {25},
  number = {1},
  journal = {Bulletin of the Seismological Society of America},
  author = {Richter, Charles F},
  year = {1935},
  pages = {1-32},
  publisher = {{The Seismological Society of America}}
}

@article{Lee_1972,
  title = {{{HYPO71}}: A Computer Program for Determining Hypocenter Magnitude, and First Motion Pattern of Local Earthquakes},
  doi = {10.3133/ofr72224},
  author = {Lee, William Hung Kan and Lahr, John C.},
  year = {1972},
  publisher = {{US Geological Survey}}
}

@article{Turin_1960,
  title = {An Introduction to Matched Filters},
  volume = {6},
  doi = {10.1109/tit.1960.1057571},
  number = {3},
  journal = {IEEE Transactions on Information Theory},
  author = {Turin, G.},
  month = jun,
  year = {1960},
  pages = {311-329},
  publisher = {{Institute of Electrical and Electronics Engineers (IEEE)}}
}

@article{Abbott_2016,
  title = {Properties of the {{Binary Black Hole Merger GW150914}}},
  volume = {116},
  doi = {10.1103/physrevlett.116.241102},
  number = {24},
  journal = {Physical Review Letters},
  author = {Abbott, B. P. and others},
  month = jun,
  year = {2016},
  publisher = {{American Physical Society (APS)}}
}

@article{Javidi_1990,
  title = {Generalization of the Linear Matched Filter Concept to Nonlinear Matched Filters},
  volume = {29},
  doi = {10.1364/ao.29.001215},
  number = {8},
  journal = {Applied Optics},
  author = {Javidi, Bahram},
  month = mar,
  year = {1990},
  pages = {1215},
  publisher = {{The Optical Society}}
}

@inproceedings{Hecht_Nielsen_1987,
  title = {Neurocomputer {{Nearest Matched Filter Classification Of Spatiotemporal Patterns}}},
  doi = {10.1117/12.939915},
  booktitle = {Digital {{Optical Computing}}},
  publisher = {{SPIE}},
  author = {{Hecht-Nielsen}, Robert},
  editor = {Arrathoon, Raymond},
  month = aug,
  year = {1987}
}

@article{Gibbons_2006,
  title = {The Detection of Low Magnitude Seismic Events Using Array-Based Waveform Correlation},
  volume = {165},
  doi = {10.1111/j.1365-246x.2006.02865.x},
  number = {1},
  journal = {Geophysical Journal International},
  author = {Gibbons, Steven J. and Ringdal, Frode},
  month = apr,
  year = {2006},
  pages = {149-166},
  publisher = {{Oxford University Press (OUP)}}
}

@article{Schaff_2011,
  title = {On Finding and Using Repeating Seismic Events in and near {{China}}},
  volume = {116},
  doi = {10.1029/2010jb007895},
  number = {B3},
  journal = {Journal of Geophysical Research},
  author = {Schaff, David P. and Richards, Paul G.},
  month = mar,
  year = {2011},
  publisher = {{American Geophysical Union (AGU)}}
}

@article{Shelly_2007,
  title = {Non-Volcanic Tremor and Low-Frequency Earthquake Swarms},
  volume = {446},
  doi = {10.1038/nature05666},
  number = {7133},
  journal = {Nature},
  author = {Shelly, David R. and Beroza, Gregory C. and Ide, Satoshi},
  month = mar,
  year = {2007},
  pages = {305-307},
  publisher = {{Springer Nature}}
}

@article{Warren_Smith_2017,
  title = {High-{{Precision Analysis}} of an {{Aftershock Sequence Using Matched}}-{{Filter Detection}}: {{The}} 4 {{May 2015ML}}~6 {{Wanaka Earthquake Southern Alps}}, {{New Zealand}}},
  volume = {88},
  doi = {10.1785/0220170016},
  number = {4},
  journal = {Seismological Research Letters},
  author = {{Warren-Smith}, Emily and Chamberlain, Calum J. and Lamb, Simon and Townend, John},
  month = jun,
  year = {2017},
  pages = {1065-1077},
  publisher = {{Seismological Society of America (SSA)}}
}

@article{Chamberlain_2017,
  title = {Cross-Correlation-Based Detection and Characterisation of Microseismicity Adjacent to the Locked Late-Interseismic {{Alpine Fault}}, {{South Westland}}, {{New Zealand}}},
  volume = {457},
  doi = {10.1016/j.epsl.2016.09.061},
  journal = {Earth and Planetary Science Letters},
  author = {Chamberlain, Calum J. and Boese, Carolin M. and Townend, John},
  month = jan,
  year = {2017},
  pages = {63-72},
  publisher = {{Elsevier BV}}
}

@article{Chamberlain_2014,
  title = {Low-Frequency Earthquakes Reveal Punctuated Slow Slip on the Deep Extent of the {{Alpine Fault New Zealand}}},
  volume = {15},
  doi = {10.1002/2014gc005436},
  number = {7},
  journal = {Geochemistry, Geophysics, Geosystems},
  author = {Chamberlain, Calum J. and Shelly, David R. and Townend, John and Stern, Tim A.},
  month = jul,
  year = {2014},
  pages = {2984-2999},
  publisher = {{American Geophysical Union (AGU)}}
}

@article{Shelly_2016b,
  title = {A New Strategy for Earthquake Focal Mechanisms Using Waveform-Correlation-Derived Relative Polarities and Cluster Analysis: {{Application}} to the 2014 {{Long Valley Caldera}} Earthquake Swarm},
  volume = {121},
  doi = {10.1002/2016jb013437},
  number = {12},
  journal = {Journal of Geophysical Research: Solid Earth},
  author = {Shelly, David R. and Hardebeck, Jeanne L. and Ellsworth, William L. and Hill, David P.},
  month = dec,
  year = {2016},
  pages = {8622-8641},
  publisher = {{American Geophysical Union (AGU)}}
}

@article{Dodge_2015,
  title = {Initial {{Global Seismic Cross}}-{{Correlation Results}}: {{Implications}} for {{Empirical Signal Detectors}}},
  volume = {105},
  doi = {10.1785/0120140166},
  number = {1},
  journal = {Bulletin of the Seismological Society of America},
  author = {Dodge, D. A. and Walter, W. R.},
  month = jan,
  year = {2015},
  pages = {240-256},
  publisher = {{Seismological Society of America (SSA)}}
}

@article{Hotovec_Ellis_2018,
  title = {Deep Fluid Pathways beneath {{Mammoth Mountain California}}, Illuminated by Migrating Earthquake Swarms},
  volume = {4},
  doi = {10.1126/sciadv.aat5258},
  number = {8},
  journal = {Science Advances},
  author = {{Hotovec-Ellis}, Alicia J. and Shelly, David R. and Hill, David P. and Pitt, Andrew M. and Dawson, Philip B. and Chouet, Bernard A.},
  month = aug,
  year = {2018},
  pages = {eaat5258},
  publisher = {{American Association for the Advancement of Science (AAAS)}}
}

@article{Kvaerna_2007,
  title = {North {{Korea}}'s {{Nuclear Test}}: {{The Capability}} for {{Seismic Monitoring}} of the {{North Korean Test Site}}},
  volume = {78},
  doi = {10.1785/gssrl.78.5.487},
  number = {5},
  journal = {Seismological Research Letters},
  author = {Kvaerna, T. and Ringdal, F. and Baadshaug, U.},
  month = sep,
  year = {2007},
  pages = {487-497},
  publisher = {{Seismological Society of America (SSA)}}
}

@article{Gibbons_2012,
  title = {Seismic {{Monitoring}} of the {{North Korea Nuclear Test Site Using}} a {{Multichannel Correlation Detector}}},
  volume = {50},
  doi = {10.1109/tgrs.2011.2170429},
  number = {5},
  journal = {IEEE Transactions on Geoscience and Remote Sensing},
  author = {Gibbons, Steven J. and Ringdal, Frode},
  month = may,
  year = {2012},
  pages = {1897-1909},
  publisher = {{Institute of Electrical and Electronics Engineers (IEEE)}}
}

@article{l1910,
  title = {Herbsetimmung Bei {{Erdbeben}} Aus Den {{Ankunfzeiten}}},
  volume = {4},
  journal = {K. Gessell. Wiss. Goett.},
  author = {Geiger, L.},
  year = {1910},
  pages = {331-349}
}

@article{Sherburn_2003,
  title = {Seismic Velocity Structure of the Central {{Taupo Volcanic Zone New Zealand}}, from Local Earthquake Tomography},
  volume = {122},
  doi = {10.1016/s0377-0273(02)00470-5},
  number = {1-2},
  journal = {Journal of Volcanology and Geothermal Research},
  author = {Sherburn, Steven and Bannister, Stephen and Bibby, Hugh},
  month = mar,
  year = {2003},
  pages = {69-88},
  publisher = {{Elsevier BV}}
}

@incollection{Lomax_2000,
  title = {Probabilistic {{Earthquake Location}} in {{3D}} and {{Layered Models}}},
  booktitle = {Advances in {{Seismic Event Location}}},
  publisher = {{Springer Netherlands}},
  author = {Lomax, Anthony and Virieux, Jean and Volant, Philippe and {Berge-Thierry}, Catherine},
  year = {2000},
  pages = {101-134},
  doi = {10.1007/978-94-015-9536-0_5}
}

@article{Waldhauser_2000,
  title = {A {{Double}}-{{Difference Earthquake Location Algorithm}}: {{Method}} and {{Application}} to the {{Northern Hayward Fault California}}},
  volume = {90},
  doi = {10.1785/0120000006},
  number = {6},
  journal = {Bulletin of the Seismological Society of America},
  author = {{F. Waldhauser and W. L. Ellsworth}},
  month = dec,
  year = {2000},
  pages = {1353-1368},
  publisher = {{Seismological Society of America (SSA)}}
}

@article{Kanamori_1983,
  title = {Magnitude Scale and Quantification of Earthquakes},
  volume = {93},
  doi = {10.1016/0040-1951(83)90273-1},
  number = {3-4},
  journal = {Tectonophysics},
  author = {Kanamori, Hiroo},
  month = apr,
  year = {1983},
  pages = {185-199},
  publisher = {{Elsevier BV}}
}

@article{Rubinstein_2010,
  title = {Precise {{Estimation}} of {{Repeating Earthquake Moment}}: {{Example}} from {{Parkfield California}}},
  volume = {100},
  doi = {10.1785/0120100007},
  number = {5A},
  journal = {Bulletin of the Seismological Society of America},
  author = {Rubinstein, J. L. and Ellsworth, W. L.},
  month = sep,
  year = {2010},
  pages = {1952-1961},
  publisher = {{Seismological Society of America (SSA)}}
}

@article{Ristau_2009,
  title = {Comparison of {{Magnitude Estimates}} for {{New Zealand Earthquakes}}: {{Moment Magnitude Local Magnitude}}, and {{Teleseismic Body}}-{{Wave Magnitude}}},
  volume = {99},
  doi = {10.1785/0120080237},
  number = {3},
  journal = {Bulletin of the Seismological Society of America},
  author = {Ristau, J.},
  month = jun,
  year = {2009},
  pages = {1841-1852},
  publisher = {{Seismological Society of America (SSA)}}
}

@article{Hanks_1979,
  title = {A Moment Magnitude Scale},
  volume = {84},
  doi = {10.1029/jb084ib05p02348},
  number = {B5},
  journal = {Journal of Geophysical Research},
  author = {Hanks, Thomas C. and Kanamori, Hiroo},
  year = {1979},
  pages = {2348},
  publisher = {{American Geophysical Union (AGU)}}
}

@article{Hardebeck_2002,
  title = {A {{New Method}} for {{Determining First}}-{{Motion Focal Mechanisms}}},
  volume = {92},
  doi = {10.1785/0120010200},
  number = {6},
  journal = {Bulletin of the Seismological Society of America},
  author = {{J. L. Hardebeck and P. M. Shearer}},
  month = aug,
  year = {2002},
  pages = {2264-2276},
  publisher = {{Seismological Society of America (SSA)}}
}

@article{Reasenberg_1985,
  title = {{{FPFIT FPPLOT}} and {{FPPAGE Fortran}} Computer Programs for Calculating and Displaying Earthquake Fault-Plane Solutions},
  doi = {10.3133/ofr85739},
  author = {Reasenberg, Paul and Oppenheimer, D.H.},
  year = {1985},
  publisher = {{US Geological Survey}}
}

@article{Barrett_2014,
  title = {An {{Empirical Approach}} to {{Subspace Detection}}},
  volume = {85},
  doi = {10.1785/0220130152},
  number = {3},
  journal = {Seismological Research Letters},
  author = {Barrett, S. A. and Beroza, G. C.},
  month = may,
  year = {2014},
  pages = {594-600},
  publisher = {{Seismological Society of America (SSA)}}
}

@techreport{Harris_2006a,
  title = {Subspace {{Detectors}}: {{Theory}}},
  institution = {{Lawrence Livermore National Laboratory (LLNL) Livermore, CA}},
  author = {Harris, D B},
  month = jul,
  year = {2006},
  doi = {10.2172/900081}
}

@techreport{Harris_2006,
  title = {Subspace {{Detectors}}: {{Efficient Implementation}}},
  institution = {{Lawrence Livermore National Laboratory (LLNL) Livermore, CA}},
  author = {Harris, D B and Paik, T},
  month = jul,
  year = {2006},
  doi = {10.2172/898451}
}

@article{obspy_doi,
  title = {{{ObsPy}} 1.0.1},
  doi = {10.5281/zenodo.48254},
  author = {{The ObsPy Development Team}},
  month = mar,
  year = {2016}
}

@article{eqcorrscan_doi,
  title = {{{EQcorrscan}}: {{EQcorrscan}} v 0.1.3},
  doi = {10.5281/zenodo.59976},
  author = {Chamberlain, Calum and Hopp, Chet},
  month = aug,
  year = {2016}
}

@inproceedings{quinao_2017,
  title = {Early Identification and Management of Calcite Deposition in the {{Ngatamariki}} Geothermal Field, {{New Zealand}}},
  booktitle = {Proceedings 42nd {{Workshop}} on {{Geothermal Reservoir Engineering}}},
  author = {Quinao, Jaime Jose and Buscarlet, Etienne and Siega, Farrell},
  year = {2017}
}

@inproceedings{davidson_2012,
  title = {Quantifying the Stress Distribution at the {{Rotokawa}} Geothermal Field, {{New Zealand}}},
  booktitle = {Proceedings 34th {{New Zealand Geothermal Workshop}}},
  author = {Davidson, Jonathan and Siratovich, Paul and Wallis, Irene and Gravley, Darren and McNamara, David},
  year = {2012}
}

@inproceedings{siega_2014,
  title = {Quantifying the Effect of Temperature on Well Injectivity},
  booktitle = {Proceedings 36th {{New Zealand Geothermal Workshop}}},
  author = {Siega, Christine and Grant, Malcolm and Bixley, Paul and Mannington, Warren},
  year = {2014}
}

@article{McNamara_2015,
  title = {Heterogeneity of Structure and Stress in the {{Rotokawa Geothermal Field New Zealand}}},
  volume = {120},
  doi = {10.1002/2014jb011480},
  number = {2},
  journal = {Journal of Geophysical Research: Solid Earth},
  author = {McNamara, David D. and Massiot, C\'ecile and Lewis, Brandon and Wallis, Irene C.},
  month = feb,
  year = {2015},
  pages = {1243-1262},
  publisher = {{Wiley-Blackwell}}
}

@inproceedings{Massiot_2015,
  title = {Fracture Width and Spacing Distributions from Borehole Televiewer Logs and Cores in the {{Rotokawa}} Geothermal Field, {{New Zealand}}},
  booktitle = {World {{Geothermal Congress}} 2015},
  author = {Massiot, C\'ecile and Townend, John and McNamara, David D and Nicol, Andrew},
  year = {2015},
  organization = {{International Geothermal Association}}
}

@inproceedings{dempsey_2013_nzgw,
  title = {Validation of a Coupled Thermal-Hydrological-Mechanical Model through a Comparative Study of Shear Stimulation in Two Geothermal Environments: {{USA}} and {{New Zealand}}},
  booktitle = {New {{Zealand Geothermal Workshop}}},
  author = {Dempsey, David and Clearwater, Jonathon and Sharad, Kelkar and Wallis, Irene},
  year = {2013}
}

@article{Ward_1972,
  title = {Microearthquakes: {{Prospecting}} Tool and Possible Hazard in the Development of Geothermal Resources},
  volume = {1},
  doi = {10.1016/0375-6505(72)90003-x},
  number = {1},
  journal = {Geothermics},
  author = {Ward, P.L.},
  month = mar,
  year = {1972},
  pages = {3-12},
  publisher = {{Elsevier BV}}
}

@article{Cladouhos_2010,
  title = {Injection Induced Seismicity and Geothermal Energy},
  volume = {34},
  journal = {GRC Transactions},
  author = {Cladouhos, Trenton and Petty, Susan and Foulger, Gillian and Julian, Bruce and Fehler, Mike},
  year = {2010},
  pages = {1213-1220}
}

@article{Kissling_1994,
  title = {Initial Reference Models in Local Earthquake Tomography},
  volume = {99},
  doi = {10.1029/93jb03138},
  number = {B10},
  journal = {Journal of Geophysical Research: Solid Earth},
  author = {Kissling, E. and Ellsworth, W. L. and {Eberhart-Phillips}, D. and Kradolfer, U.},
  month = oct,
  year = {1994},
  pages = {19635-19646},
  publisher = {{Wiley-Blackwell}}
}

@inproceedings{mroczek2016shear,
  title = {Shear Wave Splitting at {{Rotokawa}} and {{Ngatamariki}} Geothermal Fields for 2015},
  volume = {23},
  booktitle = {Proceedings 38th {{New Zealand Geothermal Workshop}}},
  author = {Mroczek, Stefan and Savage, Martha and Hopp, Chet and Sewell, Steven},
  year = {2016},
  pages = {25}
}

@article{Diehl_2009,
  title = {Automatic {{S}}-{{Wave}} Picker for Local Earthquake Tomography},
  volume = {99},
  doi = {10.1785/0120080019},
  number = {3},
  journal = {Bulletin of the Seismological Society of America},
  author = {Diehl, T. and Deichmann, N. and Kissling, E. and Husen, S.},
  month = jun,
  year = {2009},
  pages = {1906-1920},
  publisher = {{Seismological Society of America (SSA)}}
}

@article{lion_krischer_2015_18907,
  title = {{{hypoDDpy}}: {{hypoDDpy}} 1.0},
  doi = {10.5281/zenodo.18907},
  author = {Krischer, Lion},
  month = jun,
  year = {2015}
}

@article{Bromley_2013,
  title = {Geothermal Subsidence Study at {{Wairakei}}\textendash{{Tauhara New Zealand}}},
  volume = {166},
  doi = {10.1680/geng.12.00040},
  number = {2},
  journal = {Proceedings of the Institution of Civil Engineers - Geotechnical Engineering},
  author = {Bromley, Chris and Brockbank, Kerin and {Glynn-Morris}, Trystan and Rosenberg, Michael and Pender, Michael and O'Sullivan, Michael and Currie, Steve},
  month = apr,
  year = {2013},
  pages = {211-223},
  publisher = {{Thomas Telford Ltd.}}
}

@article{Castellazzi_2015,
  title = {Shear Wave Automatic Picking and Splitting Measurements at {{Ruapehu}} Volcano {{New Zealand}}},
  volume = {120},
  doi = {10.1002/2014jb011585},
  number = {5},
  journal = {Journal of Geophysical Research: Solid Earth},
  author = {Castellazzi, Claire and Savage, Martha K. and Walsh, Ernestynne and Arnold, Richard},
  month = may,
  year = {2015},
  pages = {3363-3384},
  publisher = {{Wiley-Blackwell}}
}

@incollection{Snoke_2003,
  title = {85.12 {{FOCMEC}}: {{FOCal MEChanism}} Determinations},
  booktitle = {International {{Geophysics}}},
  publisher = {{Elsevier}},
  author = {Snoke, J. Arthur},
  year = {2003},
  pages = {1629-1630},
  doi = {10.1016/s0074-6142(03)80291-7}
}

@inproceedings{Weber2007,
  title = {{{SeisComP3}}\textemdash{{Automatic}} and Interactive Real Time Data Processing},
  volume = {9},
  booktitle = {Geophysical {{Research Abstracts}}},
  author = {Weber, B and Becker, J and Hanka, W and Heinloo, A and Hoffmann, M and Kraft, T and Pahlke, D and Reinhardt, J and Thoms, H},
  year = {2007}
}

@article{Wiemer_2000,
  title = {Minimum Magnitude of Completeness in Earthquake Catalogs: {{Examples}} from {{Alaska}} the Western {{United States}}, and {{Japan}}},
  volume = {90},
  doi = {10.1785/0119990114},
  number = {4},
  journal = {Bulletin of the Seismological Society of America},
  author = {Wiemer, S.},
  month = aug,
  year = {2000},
  pages = {859-869},
  publisher = {{Seismological Society of America (SSA)}}
}

@article{Townend_2012,
  title = {Three-Dimensional Variations in Present-Day Tectonic Stress along the {{Australia}}\textendash{{Pacific}} Plate Boundary in {{New Zealand}}},
  volume = {353-354},
  doi = {10.1016/j.epsl.2012.08.003},
  journal = {Earth and Planetary Science Letters},
  author = {Townend, John and Sherburn, Steven and Arnold, Richard and Boese, Carolin and Woods, Lisa},
  month = nov,
  year = {2012},
  pages = {47-59},
  publisher = {{Elsevier BV}}
}

@article{Mroczek_2019,
  title = {Anisotropy as an Indicator in Reservoir Changes: {{Example}} from the {{Rotokawa}} and {{Ngatamariki}} Geothermal Fields, {{New Zealand}}},
  author = {Mroczek, Stefan and Savage, Martha and Hopp, Chet and Sewell, Steven},
  journal = {Journal of Geophysical Research: Solid Earth},
  year = {2019},
  note = {in review}
}

@article{Kim_2018,
  title = {Assessing Whether the 2017 {{Mw}} 5.4 {{Pohang}} Earthquake in {{South Korea}} Was an Induced Event},
  volume = {360},
  doi = {10.1126/science.aat6081},
  number = {6392},
  journal = {Science},
  author = {Kim, Kwang-Hee and Ree, Jin-Han and Kim, YoungHee and Kim, Sungshil and Kang, Su Young and Seo, Wooseok},
  month = apr,
  year = {2018},
  pages = {1007-1009},
  publisher = {{American Association for the Advancement of Science (AAAS)}}
}

@article{Evans_2005,
  title = {Permeability Creation and Damage Due to Massive Fluid Injections into Granite at 3.5 Km at {{Soultz}}: 1. {{Borehole}} Observations},
  volume = {110},
  doi = {10.1029/2004jb003168},
  number = {B4},
  journal = {Journal of Geophysical Research: Solid Earth},
  author = {Evans, Keith F. and Genter, Albert and Sausse, Judith},
  month = apr,
  year = {2005},
  publisher = {{American Geophysical Union (AGU)}}
}

@article{Amann_2018,
  title = {The Seismo-Hydromechanical Behavior during Deep Geothermal Reservoir Stimulations: Open Questions Tackled in a Decameter-Scale in Situ Stimulation Experiment},
  volume = {9},
  doi = {10.5194/se-9-115-2018},
  number = {1},
  journal = {Solid Earth},
  author = {Amann, Florian and Gischig, Valentin and Evans, Keith and Doetsch, Joseph and Jalali, Reza and Valley, Beno\^it and Krietsch, Hannes and Dutler, Nathan and Villiger, Linus and Brixel, Bernard and Klepikova, Maria and Kittil\"a, Anniina and Madonna, Claudio and Wiemer, Stefan and Saar, Martin O. and Loew, Simon and Driesner, Thomas and Maurer, Hansruedi and Giardini, Domenico},
  month = feb,
  year = {2018},
  pages = {115-137},
  publisher = {{Copernicus GmbH}}
}

@incollection{Watson_2013,
  title = {Well {{Measurements}} from {{Completion Tests}} to the {{First Discharge}}},
  booktitle = {Geothermal {{Engineering}}},
  publisher = {{Springer New York}},
  author = {Watson, Arnold},
  year = {2013},
  pages = {99-122},
  doi = {10.1007/978-1-4614-8569-8_6}
}

@article{Wei_2015,
  title = {The 2012 {{Brawley}} Swarm Triggered by Injection-Induced Aseismic Slip},
  volume = {422},
  doi = {10.1016/j.epsl.2015.03.054},
  journal = {Earth and Planetary Science Letters},
  author = {Wei, Shengji and Avouac, Jean-Philippe and Hudnut, Kenneth W. and Donnellan, Andrea and Parker, Jay W. and Graves, Robert W. and Helmberger, Don and Fielding, Eric and Liu, Zhen and Cappa, Frederic and Eneva, Mariana},
  month = jul,
  year = {2015},
  pages = {115-125},
  publisher = {{Elsevier BV}}
}

@article{Cornet_2016,
  title = {Seismic and Aseismic Motions Generated by Fluid Injections},
  volume = {5},
  doi = {10.1016/j.gete.2015.12.003},
  journal = {Geomechanics for Energy and the Environment},
  author = {Cornet, Fran{\c c}ois Henri},
  month = mar,
  year = {2016},
  pages = {42-54},
  publisher = {{Elsevier BV}}
}

@article{Baisch_2010,
  title = {A Numerical Model for Fluid Injection Induced Seismicity at {{Soultz}}-Sous-{{For\^ets}}},
  volume = {47},
  doi = {10.1016/j.ijrmms.2009.10.001},
  number = {3},
  journal = {International Journal of Rock Mechanics and Mining Sciences},
  author = {Baisch, Stefan and V\"or\"os, Robert and Rothert, Elmar and Stang, Henrik and Jung, Reinhard and Schellschmidt, R\"udiger},
  month = apr,
  year = {2010},
  pages = {405-413},
  publisher = {{Elsevier BV}}
}

@article{Riffault_2018,
  title = {Microseismicity Cloud Can Be Substantially Larger than the Associated Stimulated Fracture Volume: The Case of the {{Paralana}} Enhanced Geothermal System},
  doi = {10.1029/2017jb015299},
  journal = {Journal of Geophysical Research: Solid Earth},
  author = {Riffault, Jeremy and Dempsey, David and Karra, Satish and Archer, Rosalind},
  month = jun,
  year = {2018},
  publisher = {{American Geophysical Union (AGU)}}
}

@inproceedings{A_Shapiro_2007,
  title = {Fluid Induced Microseismicity: From Pore Pressure Diffusion to Hydraulic},
  doi = {10.3997/2214-4609.201405135},
  booktitle = {69th {{EAGE Conference}} and {{Exhibition}} - {{Workshop Package}}},
  publisher = {{EAGE Publications BV}},
  author = {Shapiro, S. A. and Dinske, C.},
  month = jun,
  year = {2007}
}

@article{Shapiro_2009b,
  title = {Scaling of Seismicity Induced by Nonlinear Fluid-Rock Interaction},
  volume = {114},
  doi = {10.1029/2008jb006145},
  number = {B9},
  journal = {Journal of Geophysical Research},
  author = {Shapiro, S. A. and Dinske, C.},
  month = sep,
  year = {2009},
  publisher = {{American Geophysical Union (AGU)}}
}

@article{Scholz_1988,
  title = {The Brittle-Plastic Transition and the Depth of Seismic Faulting},
  volume = {77},
  doi = {10.1007/bf01848693},
  number = {1},
  journal = {Geologische Rundschau},
  author = {Scholz, C. H.},
  month = feb,
  year = {1988},
  pages = {319-328},
  publisher = {{Springer Nature}}
}

@inproceedings{Zoback_2012slowslip,
  title = {The {{Importance}} of {{Slow Slip}} on {{Faults During Hydraulic Fracturing Stimulation}} of {{Shale Gas Reservoirs}}},
  doi = {10.2118/155476-ms},
  booktitle = {{{SPE Americas Unconventional Resources Conference}}},
  publisher = {{Society of Petroleum Engineers}},
  author = {Zoback, Mark D. and Kohli, Arjun and Das, Indrajit and Mcclure, Mark William},
  year = {2012}
}

@article{Das_2011,
  title = {Long-Period Long-Duration Seismic Events during Hydraulic Fracture Stimulation of a Shale Gas Reservoir},
  volume = {30},
  doi = {10.1190/1.3609093},
  number = {7},
  journal = {The Leading Edge},
  author = {Das, Indrajit and Zoback, Mark D.},
  month = jul,
  year = {2011},
  pages = {778-786},
  publisher = {{Society of Exploration Geophysicists}}
}

@article{Langenbruch_2016,
  title = {How Will Induced Seismicity in {{Oklahoma}} Respond to Decreased Saltwater Injection Rates?},
  volume = {2},
  doi = {10.1126/sciadv.1601542},
  number = {11},
  journal = {Science Advances},
  author = {Langenbruch, C. and Zoback, M. D.},
  month = nov,
  year = {2016},
  pages = {e1601542-e1601542},
  publisher = {{American Association for the Advancement of Science (AAAS)}}
}

@article{Kwiatek_2015,
  title = {Effects of Long-Term Fluid Injection on Induced Seismicity Parameters and Maximum Magnitude in Northwestern Part of {{The Geysers}} Geothermal Field},
  volume = {120},
  doi = {10.1002/2015jb012362},
  number = {10},
  journal = {Journal of Geophysical Research: Solid Earth},
  author = {Kwiatek, Grzegorz and {Mart\'\i{}nez-Garz\'on}, Patricia and Dresen, Georg and Bohnhoff, Marco and Sone, Hiroki and Hartline, Craig},
  month = oct,
  year = {2015},
  pages = {7085-7101},
  publisher = {{American Geophysical Union (AGU)}}
}

@article{Mulargia_2014,
  title = {Anthropogenic Triggering of Large Earthquakes},
  volume = {4},
  doi = {10.1038/srep06100},
  number = {1},
  journal = {Scientific Reports},
  author = {Mulargia, Francesco and Bizzarri, Andrea},
  month = aug,
  year = {2014},
  publisher = {{Springer Nature}}
}

@article{Wiemer_1997,
  title = {Variations in the Frequency-Magnitude Distribution with Depth in Two Volcanic Areas: {{Mount St}}. {{Helens Washington}}, and {{Mt}}. {{Spurr}}, {{Alaska}}},
  volume = {24},
  doi = {10.1029/96gl03779},
  number = {2},
  journal = {Geophysical Research Letters},
  author = {Wiemer, Stefan and McNutt, Stephen R.},
  month = jan,
  year = {1997},
  pages = {189-192},
  publisher = {{American Geophysical Union (AGU)}}
}

@article{Hsieh_1981,
  title = {A Reservoir Analysis of the {{Denver}} Earthquakes: {{A}} Case of Induced Seismicity},
  volume = {86},
  doi = {10.1029/jb086ib02p00903},
  number = {B2},
  journal = {Journal of Geophysical Research: Solid Earth},
  author = {Hsieh, Paul A. and Bredehoeft, John D.},
  month = feb,
  year = {1981},
  pages = {903-920},
  publisher = {{American Geophysical Union (AGU)}}
}

@article{Jeanne_2015deformation,
  title = {Seismic and Aseismic Deformations and Impact on Reservoir Permeability: {{The}} Case of {{EGS}} Stimulation at {{The Geysers California}}, {{USA}}},
  volume = {120},
  doi = {10.1002/2015jb012142},
  number = {11},
  journal = {Journal of Geophysical Research: Solid Earth},
  author = {Jeanne, Pierre and Rutqvist, Jonny and Rinaldi, Antonio Pio and Dobson, Patrick F. and Walters, Mark and Hartline, Craig and Garcia, Julio},
  month = nov,
  year = {2015},
  pages = {7863-7882},
  publisher = {{American Geophysical Union (AGU)}}
}

@article{Shapiro_2006,
  title = {Fluid Induced Seismicity Guided by a Continental Fault: {{Injection}} Experiment of 2004/2005 at the {{German Deep Drilling Site}} ({{KTB}})},
  volume = {33},
  doi = {10.1029/2005gl024659},
  number = {1},
  journal = {Geophysical Research Letters},
  author = {Shapiro, S. A. and Kummerow, J. and Dinske, C. and Asch, G. and Rothert, E. and Erzinger, J. and K\"umpel, H.-J. and Kind, R.},
  month = jan,
  year = {2006},
  pages = {n/a-n/a},
  publisher = {{American Geophysical Union (AGU)}}
}

@inproceedings{Dinske_2010,
  title = {Interpretation of Microseismicity Induced by Time-Dependent Injection Pressure},
  doi = {10.1190/1.3513264},
  booktitle = {{{SEG Technical Program Expanded Abstracts}} 2010},
  publisher = {{Society of Exploration Geophysicists}},
  author = {Dinske, Carsten and Shapiro, Serge and H\"aring, Markus},
  month = jan,
  year = {2010}
}

@article{Mukuhira_2017,
  title = {Pore Pressure Behavior at the Shut-in Phase and Causality of Large Induced Seismicity at {{Basel Switzerland}}},
  volume = {122},
  doi = {10.1002/2016jb013338},
  number = {1},
  journal = {Journal of Geophysical Research: Solid Earth},
  author = {Mukuhira, Y. and Dinske, C. and Asanuma, H. and Ito, T. and H\"aring, M. O.},
  month = jan,
  year = {2017},
  pages = {411-435},
  publisher = {{American Geophysical Union (AGU)}}
}

@article{Langenbruch_2018,
  title = {Physics-Based Forecasting of Man-Made Earthquake Hazards in {{Oklahoma}} and {{Kansas}}},
  volume = {9},
  doi = {10.1038/s41467-018-06167-4},
  number = {1},
  journal = {Nature Communications},
  author = {Langenbruch, Cornelius and Weingarten, Matthew and Zoback, Mark D.},
  month = sep,
  year = {2018},
  publisher = {{Springer Nature America Inc}}
}

@article{Wiprut_2000,
  title = {Fault Reactivation and Fluid Flow along a Previously Dormant Normal Fault in the Northern {{North Sea}}},
  volume = {28},
  doi = {10.1130/0091-7613(2000)028<0595:fraffa>2.3.co;2},
  number = {7},
  journal = {Geology},
  author = {Wiprut, David and Zoback, Mark D.},
  month = jul,
  year = {2000},
  pages = {595-598},
  publisher = {{Geological Society of America}}
}

@article{Ishibashi_2018,
  title = {Friction-Stability-Permeability Evolution of a Fracture in Granite},
  doi = {10.1029/2018wr022598},
  journal = {Water Resources Research},
  author = {Ishibashi, Takuya and Elsworth, Derek and Fang, Yi and Riviere, Jacques and Madara, Benjamin and Asanuma, Hiroshi and Watanabe, Noriaki and Marone, Chris},
  month = nov,
  year = {2018},
  publisher = {{American Geophysical Union (AGU)}}
}

@article{Esaki_1999,
  title = {Development of a Shear-Flow Test Apparatus and Determination of Coupled Properties for a Single Rock Joint},
  volume = {36},
  doi = {10.1016/s0148-9062(99)00044-3},
  number = {5},
  journal = {International Journal of Rock Mechanics and Mining Sciences},
  author = {Esaki, T. and Du, S. and Mitani, Y. and Ikusada, K. and Jing, L.},
  month = jul,
  year = {1999},
  pages = {641-650},
  publisher = {{Elsevier BV}}
}

@article{Bachmann_2012,
  title = {Influence of Pore-Pressure on the Event-Size Distribution of Induced Earthquakes},
  volume = {39},
  doi = {10.1029/2012gl051480},
  number = {9},
  journal = {Geophysical Research Letters},
  author = {Bachmann, C. E. and Wiemer, S. and {Goertz-Allmann}, B. P. and Woessner, J.},
  month = may,
  year = {2012},
  publisher = {{American Geophysical Union (AGU)}}
}

@article{Wiemer_1998,
  title = {Temporal and Three-Dimensional Spatial Analyses of the Frequency-Magnitude Distribution near {{Long Valley Caldera California}}},
  volume = {134},
  doi = {10.1046/j.1365-246x.1998.00561.x},
  number = {2},
  journal = {Geophysical Journal International},
  author = {Wiemer, Stefan and McNutt, Stephen R. and Wyss, Max},
  month = aug,
  year = {1998},
  pages = {409-421},
  publisher = {{Oxford University Press (OUP)}}
}

@article{Bauer_1983,
  title = {Thermal Expansion and Cracking of Three Confined Water-Saturated Igneous Rocks to 800\textdegree{{C}}},
  volume = {16},
  doi = {10.1007/bf01033279},
  number = {3},
  journal = {Rock Mechanics and Rock Engineering},
  author = {Bauer, Stephen J. and Handin, John},
  month = aug,
  year = {1983},
  pages = {181-198},
  publisher = {{Springer Nature}}
}

@book{Allmendinger,
  title = {Structural {{Geology Algorithms}}: {{Vectors}} and {{Tensors}}},
  publisher = {{Cambridge University Press}},
  author = {Allmendinger, Richard W. and Cardozo, Nestor and Fisher, Donald M.},
  year = {2011}
}

@article{1983,
  title = {Hydraulic Fracturing Theory for Conditions of Thermal Stress},
  volume = {20},
  doi = {10.1016/0148-9062(83)90349-2},
  number = {2},
  journal = {International Journal of Rock Mechanics and Mining Sciences \& Geomechanics Abstracts},
  month = apr,
  year = {1983},
  pages = {A34},
  publisher = {{Elsevier BV}}
}

@article{Rowland_2004,
  title = {Structural Controls on Hydrothermal Flow in a Segmented Rift System {{Taupo Volcanic Zone}}, {{New Zealand}}},
  volume = {4},
  doi = {10.1111/j.1468-8123.2004.00091.x},
  number = {4},
  journal = {Geofluids},
  author = {Rowland, J. V. and Sibson, R. H.},
  month = nov,
  year = {2004},
  pages = {259-283},
  publisher = {{Wiley}}
}

@article{Sibson_2003,
  title = {Stress Fluid Pressure and Structural Permeability in Seismogenic Crust, {{North Island}}, {{New Zealand}}},
  volume = {154},
  doi = {10.1046/j.1365-246x.2003.01965.x},
  number = {2},
  journal = {Geophysical Journal International},
  author = {Sibson, Richard H. and Rowland, Julie V.},
  month = aug,
  year = {2003},
  pages = {584-594},
  publisher = {{Oxford University Press (OUP)}}
}

@article{Zoback_1997,
  title = {Injection-Induced Earthquakes and Crustal Stress at 9 Km Depth at the {{KTB}} Deep Drilling Site {{Germany}}},
  volume = {102},
  doi = {10.1029/96jb02814},
  number = {B8},
  journal = {Journal of Geophysical Research: Solid Earth},
  author = {Zoback, Mark D. and Harjes, Hans-Peter},
  month = aug,
  year = {1997},
  pages = {18477-18491},
  publisher = {{American Geophysical Union (AGU)}}
}

@article{Segall_1989,
  title = {Earthquakes Triggered by Fluid Extraction},
  volume = {17},
  doi = {10.1130/0091-7613(1989)017<0942:etbfe>2.3.co;2},
  number = {10},
  journal = {Geology},
  author = {Segall, P.},
  year = {1989},
  pages = {942},
  publisher = {{Geological Society of America}}
}

@article{Allis_2000,
  title = {Review of Subsidence at {{Wairakei}} Field {{New Zealand}}},
  volume = {29},
  doi = {10.1016/s0375-6505(00)00016-x},
  number = {4-5},
  journal = {Geothermics},
  author = {Allis, Rick G.},
  month = aug,
  year = {2000},
  pages = {455-478},
  publisher = {{Elsevier BV}}
}

@article{Massiot_2017,
  title = {Evidence for Tectonic Lithologic, and Thermal Controls on Fracture System Geometries in an Andesitic High-Temperature Geothermal Field},
  volume = {122},
  doi = {10.1002/2017jb014121},
  number = {8},
  journal = {Journal of Geophysical Research: Solid Earth},
  author = {Massiot, C\'ecile and Nicol, Andrew and McNamara, David D. and Townend, John},
  month = aug,
  year = {2017},
  pages = {6853-6874},
  publisher = {{American Geophysical Union (AGU)}}
}

@article{Fehler_1998,
  title = {A Method to Allow Temporal Variation of Velocity in Travel-Time Tomography Using Microearthquakes Induced during Hydraulic Fracturing},
  volume = {289},
  doi = {10.1016/s0040-1951(97)00315-6},
  number = {1-3},
  journal = {Tectonophysics},
  author = {Fehler, Michael and House, Leigh and Phillips, W.Scott and Potter, Robert},
  month = apr,
  year = {1998},
  pages = {189-201},
  publisher = {{Elsevier BV}}
}

@article{Rutledge_2003,
  title = {Hydraulic Stimulation of Natural Fractures as Revealed by Induced Microearthquakes {{Carthage Cotton Valley}} Gas Field, East {{Texas}}},
  volume = {68},
  doi = {10.1190/1.1567214},
  number = {2},
  journal = {GEOPHYSICS},
  author = {Rutledge, James T. and Phillips, W. Scott},
  month = mar,
  year = {2003},
  pages = {441-452},
  publisher = {{Society of Exploration Geophysicists}}
}

@article{Ghidaoui_2005,
  title = {A {{Review}} of {{Water Hammer Theory}} and {{Practice}}},
  volume = {58},
  doi = {10.1115/1.1828050},
  number = {1},
  journal = {Applied Mechanics Reviews},
  author = {Ghidaoui, Mohamed S. and Zhao, Ming and McInnis, Duncan A. and Axworthy, David H.},
  year = {2005},
  pages = {49},
  publisher = {{ASME International}}
}

@book{zoback2010,
  title = {Reservoir Geomechanics},
  publisher = {{Cambridge University Press}},
  author = {Zoback, Mark D},
  year = {2010}
}

@article{Kanamori_1968,
  title = {Thermal Diffusivity Measurement of Rock-Forming Minerals from 300$^\circ$ to 1100$^\circ${{K}}},
  volume = {73},
  doi = {10.1029/jb073i002p00595},
  number = {2},
  journal = {Journal of Geophysical Research},
  author = {Kanamori, Hiroo and Fujii, Naoyuki and Mizutani, Hitoshi},
  month = jan,
  year = {1968},
  pages = {595-605},
  publisher = {{American Geophysical Union (AGU)}}
}

@article{Holcomb_1993,
  title = {General Theory of the {{Kaiser}} Effect},
  volume = {30},
  doi = {10.1016/0148-9062(93)90047-h},
  number = {7},
  journal = {International Journal of Rock Mechanics and Mining Sciences \& Geomechanics Abstracts},
  author = {Holcomb, D.J.},
  month = dec,
  year = {1993},
  pages = {929-935},
  publisher = {{Elsevier BV}}
}

@article{De_Simone_2013,
  title = {Thermal Coupling May Control Mechanical Stability of Geothermal Reservoirs during Cold Water Injection},
  volume = {64},
  doi = {10.1016/j.pce.2013.01.001},
  journal = {Physics and Chemistry of the Earth Parts A/B/C},
  author = {Simone, Silvia De and Vilarrasa, Victor and Carrera, Jes\'us and Alcolea, Andr\'es and Meier, Peter},
  year = {2013},
  pages = {117-126},
  publisher = {{Elsevier BV}}
}

@article{Boyle_2014,
  title = {The {{Stress State}} of the {{Northwest Geysers California Geothermal Field}}, and {{Implications}} for {{Fault}}-{{Controlled Fluid Flow}}},
  volume = {104},
  doi = {10.1785/0120130284},
  number = {5},
  journal = {Bulletin of the Seismological Society of America},
  author = {Boyle, K. and Zoback, M.},
  month = aug,
  year = {2014},
  pages = {2303-2312},
  publisher = {{Seismological Society of America (SSA)}}
}

@article{aki1965maximum,
  title = {Maximum Likelihood Estimate of b in the Formula Log {{N}}= A-{{bM}} and Its Confidence Limits},
  volume = {43},
  journal = {Bull. Earthq. Res. Inst., Tokyo Univ.},
  author = {Aki, Keiiti},
  year = {1965},
  pages = {237-239}
}

@article{shi1982standard,
  title = {The Standard Error of the Magnitude-Frequency b Value},
  volume = {72},
  number = {5},
  journal = {Bulletin of the Seismological Society of America},
  author = {Shi, Yaolin and Bolt, Bruce A},
  year = {1982},
  pages = {1677-1687},
  publisher = {{The Seismological Society of America}}
}

@inproceedings{stephens1982hydraulic,
  title = {Hydraulic Fracturing Theory for Conditions of Thermal Stress},
  booktitle = {International {{Journal}} of {{Rock Mechanics}} and {{Mining Sciences}} \& {{Geomechanics Abstracts}}},
  author = {Stephens, George and Voight, Bo},
  year = {1982},
  pages = {279-284},
  number = {6},
  organization = {{Elsevier}}
}

@article{keranen2018induced,
  title = {Induced Seismicity},
  volume = {46},
  journal = {Annual Review of Earth and Planetary Sciences},
  author = {Keranen, Katie M and Weingarten, Matthew},
  year = {2018},
  pages = {149-174},
  publisher = {{Annual Reviews}}
}

@article{stein1999role,
  title = {The Role of Stress Transfer in Earthquake Occurrence},
  volume = {402},
  number = {6762},
  journal = {Nature},
  author = {Stein, Ross S},
  year = {1999},
  pages = {605},
  publisher = {{Nature Publishing Group}}
}

@article{gutenberg1942earthquake,
  title = {Earthquake Magnitude, Intensity, Energy, and Acceleration},
  volume = {32},
  number = {3},
  journal = {Bulletin of the Seismological Society of America},
  author = {Gutenberg, Beno and Richter, Charles Francis},
  year = {1942},
  pages = {163-191},
  publisher = {{The Seismological Society of America}}
}

@inproceedings{legmann200330,
  title = {The 30 {{MW Rotokawa I}} Geothermal Project Five Years of Operation},
  booktitle = {International Geothermal Conference},
  author = {Legmann, Hilel and Sullivan, Phillip},
  year = {2003},
  pages = {26-31}
}

@article{cole1998rotokawa,
  title = {The {{Rotokawa Geothermal Project}}-{{A High Pressure}}, {{Sustainable}} and {{Environmentally Benign Power Plant}}},
  journal = {TRANSACTIONS-GEOTHERMAL RESOURCES COUNCIL},
  author = {Cole, B and Legmann, H},
  year = {1998},
  pages = {509-514},
  publisher = {{GEOTHERMAL RESOURCES COUNCIL}}
}

@inproceedings{winick2009,
  title = {The Natural-State Geochemistry of the {{Rotokawa}} Reservoir},
  booktitle = {Proceedings 31st {{New Zealand Geothermal Workshop}}},
  author = {Winick, J. and Powell, T. and Mroczek, E.},
  year = {2009}
}

@inproceedings{wallis2013,
  title = {A Structural Model for the {{Rotokawa Geothermal Field}}, {{New Zealand}}},
  booktitle = {Proceedings 35th {{New Zealand Geothermal Workshop}}},
  author = {Wallis, I. and Bardsley, C. and Powell, T. and Rowland, J. and O'Brien, J.},
  year = {2013}
}

@inproceedings{Sewell_2015WGC,
  title = {Interpretation of {{Microseismicity}} at the {{Rotokawa Geothermal Field}}, 2008 to 2012},
  booktitle = {World {{Geothermal Congress}}},
  author = {Sewell, S. M. and Cumming, W. and Bardsley, C. J. and Winick, J. and Wallis, I. C. and Sherburn, S. and Bourguignon, S. and Bannister, S.},
  year = {2015}
}

@inproceedings{Quinao_2013stanford,
  title = {Analyses and Modeling of Reservoir Pressure Changes to Interpret the {{Rotokawa}} Geothermal Field Response to {{Nga Awa Purua}} Power Station Operation},
  booktitle = {38th {{Workshop}} on {{Geothermal Reservoir Engineering}}},
  author = {Quinao, J. and {Sirad-Azwar}, L. and Clearwater, J. and Hoepfinger, V. and Le Brun, M. and Bardsley, C.},
  year = {2013}
}

@inproceedings{Addison_2017stanford,
  title = {Improving the Conceptual Understanding through a Recent Injection of 200 {{GBq}} of Iodine-125 at the {{Rotokawa}} Geothermal Field, {{New Zealand}}},
  booktitle = {42nd {{Workshop}} on {{Geothermal Reservoir Engineering}}},
  author = {Addison, S. and {Sirad-Azwar}, L. and Clearwater, J. and Hernandez, D. and Mountain, B. and Blair, A. and Siratovich, P.},
  year = {2017}
}

@article{Dinske_2012,
  title = {Seismotectonic State of Reservoirs Inferred from Magnitude Distributions of Fluid-Induced Seismicity},
  volume = {17},
  doi = {10.1007/s10950-012-9292-9},
  number = {1},
  journal = {Journal of Seismology},
  author = {Dinske, Carsten and Shapiro, Serge A.},
  month = mar,
  year = {2012},
  pages = {13-25},
  publisher = {{Springer Nature}}
}

@article{Shapiro_2011,
  title = {Magnitudes of Induced Earthquakes and Geometric Scales of Fluid-Stimulated Rock Volumes},
  volume = {76},
  doi = {10.1190/geo2010-0349.1},
  number = {6},
  journal = {GEOPHYSICS},
  author = {Shapiro, Serge A. and Kr\"uger, Oliver S. and Dinske, Carsten and Langenbruch, Cornelius},
  month = nov,
  year = {2011},
  pages = {WC55-WC63},
  publisher = {{Society of Exploration Geophysicists}}
}

@article{Schorlemmer_2005,
  title = {Variations in Earthquake-Size Distribution across Different Stress Regimes},
  volume = {437},
  doi = {10.1038/nature04094},
  number = {7058},
  journal = {Nature},
  author = {Schorlemmer, Danijel and Wiemer, Stefan and Wyss, Max},
  month = sep,
  year = {2005},
  pages = {539-542},
  publisher = {{Springer Nature}}
}

@article{Warren_1970,
  title = {An Experimental Study of Thermally Induced Microfracturing and Its Relation to Volcanic Seismicity},
  volume = {75},
  doi = {10.1029/jb075i023p04455},
  number = {23},
  journal = {Journal of Geophysical Research},
  author = {Warren, Nicholas W. and Latham, Gary V.},
  month = aug,
  year = {1970},
  pages = {4455-4464},
  publisher = {{American Geophysical Union (AGU)}}
}

@article{j2019,
  title = {Seismic {{Response}} to {{Injection Well Stimulation}} in a {{High}}-{{Temperature}}, {{High}}-{{Permeability Reservoir}}},
  journal = {Geochemistry, Geophysics, Geosystems},
  author = {Hopp, Chet and Sewell, Steven and Mroczek, Stefan and Savage, Martha and Townend, John},
  year = {2019}
}

@article{Garcia_2016,
  title = {The {{Northwest Geysers EGS Demonstration Project California}}},
  volume = {63},
  doi = {10.1016/j.geothermics.2015.08.003},
  journal = {Geothermics},
  author = {Garcia, Julio and Hartline, Craig and Walters, Mark and Wright, Melinda and Rutqvist, Jonny and Dobson, Patrick F. and Jeanne, Pierre},
  month = sep,
  year = {2016},
  pages = {97-119},
  publisher = {{Elsevier BV}}
}


